
  <record>
    <leader>00000cjm a2200481Ia 4500</leader>
      <controlfield tag='008'>920409s1976    cauopn   defi       ita  </controlfield>
      <controlfield tag='007'>sd-bsmenn----e</controlfield>
      <controlfield tag='001'>3317103</controlfield>
      <controlfield tag='005'>19920409000000.0</controlfield>
      <datafield ind1=' ' ind2=' ' tag='010'>
        <subfield code='a'>76750940 /R</subfield>
      </datafield>
      <datafield ind1='0' ind2='2' tag='028'>
        <subfield code='a'>SCLX-3833</subfield>
        <subfield code='b'>Angel</subfield>
      </datafield>
      <datafield ind1=' ' ind2=' ' tag='040'>
        <subfield code='a'>DLC</subfield>
        <subfield code='c'>IGA</subfield>
        <subfield code='d'>OCL</subfield>
        <subfield code='d'>m.c.</subfield>
        <subfield code='d'>OCL</subfield>
        <subfield code='d'>m/c</subfield>
        <subfield code='d'>IBS</subfield>
        <subfield code='d'>NOC</subfield>
      </datafield>
      <datafield ind1='0' ind2=' ' tag='041'>
        <subfield code='d'>ita</subfield>
        <subfield code='e'>itaeng</subfield>
        <subfield code='h'>ita</subfield>
        <subfield code='g'>eng</subfield>
      </datafield>
      <datafield ind1='1' ind2=' ' tag='100'>
        <subfield code='a'>Verdi, Giuseppe,</subfield>
        <subfield code='d'>1813-1901.</subfield>
      </datafield>
      <datafield ind1='1' ind2='0' tag='240'>
        <subfield code='a'>Macbeth</subfield>
      </datafield>
      <datafield ind1='1' ind2='0' tag='245'>
        <subfield code='a'>Macbeth /</subfield>
        <subfield code='c'>Verdi</subfield>
        <subfield code='h'>[sound disc].</subfield>
      </datafield>
      <datafield ind1=' ' ind2=' ' tag='260'>
        <subfield code='a'>[Los Angeles, CA] :</subfield>
        <subfield code='b'>Angel,</subfield>
        <subfield code='c'>p1976.</subfield>
      </datafield>
      <datafield ind1=' ' ind2=' ' tag='300'>
        <subfield code='a'>3 sound discs :</subfield>
        <subfield code='b'>analog, 33 1/3 rpm, stereo ;</subfield>
        <subfield code='c'>12 in.</subfield>
      </datafield>
      <datafield ind1=' ' ind2=' ' tag='500'>
        <subfield code='a'>Opera in 4 acts.</subfield>
      </datafield>
      <datafield ind1=' ' ind2=' ' tag='500'>
        <subfield code='a'>Sung in Italian.</subfield>
      </datafield>
      <datafield ind1=' ' ind2=' ' tag='500'>
        <subfield code='a'>Libretto by Francesco Maria Piave and Andrea Maffei.</subfield>
      </datafield>
      <datafield ind1=' ' ind2=' ' tag='500'>
        <subfield code='a'>&quot;The Paris edition of 1865, including as a supplement, the two arias and an arioso which were composed for the original 1847 version&quot;--Booklet.</subfield>
      </datafield>
      <datafield ind1=' ' ind2=' ' tag='500'>
        <subfield code='a'>Program notes by Michele Corradi, translated and adapted by Gwyn Morris, synopsis, and libretto with English translation laid in container.</subfield>
      </datafield>
      <datafield ind1='0' ind2=' ' tag='511'>
        <subfield code='a'>Sherrill Milnes, baritone ; Fiorenza Cossotto, mezzo-soprano ; José Carreras, tenor ; Ruggero Raimondi, bass ; supporting soloists ; Ambrosian Opera Chorus ; New Philharmonia Orchestra ; Riccardo Muti, conductor.</subfield>
      </datafield>
      <datafield ind1=' ' ind2=' ' tag='518'>
        <subfield code='a'>Recorded in England at No. 1 Studio, Abbey Road and Kingsway Hall.</subfield>
      </datafield>
      <datafield ind1='0' ind2='0' tag='600'>
        <subfield code='a'>Macbeth,</subfield>
        <subfield code='c'>King of Scotland,</subfield>
        <subfield code='d'>active 11th century</subfield>
        <subfield code='v'>Drama.</subfield>
      </datafield>
      <datafield ind1=' ' ind2='7' tag='655'>
        <subfield code='a'>Operas.</subfield>
        <subfield code='2'>lcgft</subfield>
      </datafield>
      <datafield ind1='1' ind2=' ' tag='700'>
        <subfield code='a'>Piave, Francesco Maria,</subfield>
        <subfield code='d'>1810-1876.</subfield>
        <subfield code='4'>lbt</subfield>
      </datafield>
      <datafield ind1='1' ind2=' ' tag='700'>
        <subfield code='a'>Maffei, Andrea,</subfield>
        <subfield code='d'>1798-1885.</subfield>
        <subfield code='4'>lbt</subfield>
      </datafield>
      <datafield ind1='1' ind2=' ' tag='700'>
        <subfield code='a'>Shakespeare, William,</subfield>
        <subfield code='d'>1564-1616.</subfield>
        <subfield code='t'>Macbeth.</subfield>
      </datafield>
      <datafield ind1='1' ind2=' ' tag='700'>
        <subfield code='a'>Milnes, Sherrill.</subfield>
        <subfield code='4'>prf</subfield>
      </datafield>
      <datafield ind1='1' ind2=' ' tag='700'>
        <subfield code='a'>Cossotto, Fiorenza.</subfield>
        <subfield code='4'>prf</subfield>
      </datafield>
      <datafield ind1='1' ind2=' ' tag='700'>
        <subfield code='a'>Carreras, José.</subfield>
        <subfield code='4'>prf</subfield>
      </datafield>
      <datafield ind1='1' ind2=' ' tag='700'>
        <subfield code='a'>Raimondi, Ruggero.</subfield>
        <subfield code='4'>prf</subfield>
      </datafield>
      <datafield ind1='1' ind2=' ' tag='700'>
        <subfield code='a'>Muti, Riccardo.</subfield>
        <subfield code='4'>cnd</subfield>
      </datafield>
      <datafield ind1='2' ind2=' ' tag='710'>
        <subfield code='a'>Ambrosian Opera Chorus.</subfield>
        <subfield code='4'>prf</subfield>
      </datafield>
      <datafield ind1='2' ind2=' ' tag='710'>
        <subfield code='a'>New Philharmonia Orchestra.</subfield>
        <subfield code='4'>prf</subfield>
      </datafield>
      <datafield ind1=' ' ind2=' ' tag='907'>
        <subfield code='a'>b1485253</subfield>
      </datafield>
      <datafield ind1='9' ind2='1' tag='999'>
        <subfield code='i'>i2085020</subfield>
        <subfield code='l'>mmdd</subfield>
        <subfield code='s'>-</subfield>
        <subfield code='t'>50</subfield>
        <subfield code='c'>1</subfield>
        <subfield code='o'>2</subfield>
        <subfield code='b'>00010927303</subfield>
        <subfield code='p'>099#9</subfield>
        <subfield code='q'>|aA 2039</subfield>
      </datafield>
      <datafield ind1='0' ind2='0' tag='999'>
        <subfield code='a'>2004-10-01 00:00:00-04</subfield>
        <subfield code='c'>2004-09-28 16:13:12-04</subfield>
        <subfield code='u'>2017-11-15 15:46:09-05</subfield>
      </datafield>
  </record>