
  <record>
    <leader>00000cam a2200553I  4500</leader>
      <controlfield tag='008'>910731m18821890gw ach        000 0 ger  </controlfield>
      <controlfield tag='001'>3739469</controlfield>
      <controlfield tag='005'>19910731000000.0</controlfield>
      <datafield ind1=' ' ind2=' ' tag='010'>
        <subfield code='a'>01001749 /G</subfield>
      </datafield>
      <datafield ind1=' ' ind2=' ' tag='019'>
        <subfield code='a'>5018113</subfield>
      </datafield>
      <datafield ind1=' ' ind2=' ' tag='040'>
        <subfield code='a'>DLC</subfield>
        <subfield code='c'>YWM</subfield>
        <subfield code='d'>m.c.</subfield>
        <subfield code='d'>OCL</subfield>
        <subfield code='d'>CUI</subfield>
        <subfield code='d'>OCL</subfield>
      </datafield>
      <datafield ind1='0' ind2=' ' tag='050'>
        <subfield code='a'>PT1101</subfield>
        <subfield code='b'>.D4 vol.118-129</subfield>
      </datafield>
      <datafield ind1='1' ind2=' ' tag='100'>
        <subfield code='a'>Schiller, Friedrich,</subfield>
        <subfield code='d'>1759-1805.</subfield>
      </datafield>
      <datafield ind1='1' ind2='0' tag='245'>
        <subfield code='a'>Schiller&apos;s werke.</subfield>
      </datafield>
      <datafield ind1=' ' ind2=' ' tag='260'>
        <subfield code='a'>Berlin und</subfield>
        <subfield code='a'>Stuttgart,</subfield>
        <subfield code='b'>W. Spemann</subfield>
        <subfield code='c'>1882-90.</subfield>
      </datafield>
      <datafield ind1=' ' ind2=' ' tag='300'>
        <subfield code='a'>12 v. in 16.</subfield>
        <subfield code='b'>(incl. ports.) fold. facsims.</subfield>
        <subfield code='c'>20 cm.</subfield>
      </datafield>
      <datafield ind1=' ' ind2=' ' tag='500'>
        <subfield code='a'>Vols. 1-4, v.5, pt.2, v.6, pt.2, v.7-12, edited by R. Boxberger; v.5, pt.1, by A. Birlinger; v.6, pt.1, by R. Boxberger and A. Birlinger.</subfield>
      </datafield>
      <datafield ind1='0' ind2=' ' tag='505'>
        <subfield code='a'>1.-2. t. Gedichte. 3. t. Die räuber. Fiesco. 4. t. Kabale und liebe. Don Karlos. 5. t., 1. abt. Wallensteins lager. Die beiden Piccolomini. Wallensteins tod. 5. t. 2. abt. Maria Stuart. Die jungfrau con Orleans. 6. t. [1 abt.] Die Braut von Messina. Wilhelm Tell. Die huldigung der künste. Anhang: Semele; Der menschenfeind. 6. t. 2. abt. Übersetzungen und bearbeitungen fremder trauerspiele [Euripides: Iphigenie in Aulis; Phöniciernnen. Shakespeare: Macbeth. Racine: Phädra; Britannicus]</subfield>
      </datafield>
      <datafield ind1='0' ind2=' ' tag='505'>
        <subfield code='a'>7. t. Übersetzungen und bearbeitungen fremder lustspiele: Turandot. Der parasit. Der neffe als onkel, und bühnenbearbeitungen fremder stücke. 8. t. Körners vormittag. Oberon. Die Malteser. Narbonne, oder Die kinder des hauses. Das schiff. Warbeck. Agrippina. Die braut in trauer, oder Zweiter teil der Räuber. Rosamunde, oder Die braut der hölle. Entwerf eines lustpiels im geschmack von Goethes Bürgergeneral. Die polizei. Themistokles. Gräfin von Flandern. Die filibustiers. Die herzogin von Zelle, oder Der graf von Königsmark. Elfride. Demetrius. 9. t. Kleinere erzählungen. Der geisterseher.</subfield>
      </datafield>
      <datafield ind1='0' ind2=' ' tag='505'>
        <subfield code='a'>10. t., v. abt. Universalgeschichte. Geschichte des abafalles der Vereinigten Niederlande. 10 t., 2. abt. Die &quot;Historischen memoires.&quot; Kleine historische schriften. 11 t. Geschichte des dreissigjährigen krieges. 12 t. 1. abt. Kleinere philosophische schriften. 12. t., 2. abt. Philosophischer nachlass. Angewandte ästhetik. Medizin . Juvenilia.</subfield>
      </datafield>
      <datafield ind1='0' ind2=' ' tag='700'>
        <subfield code='a'>Euripides.</subfield>
      </datafield>
      <datafield ind1='1' ind2=' ' tag='700'>
        <subfield code='a'>Shakespeare, William,</subfield>
        <subfield code='d'>1564-1616.</subfield>
        <subfield code='t'>Macbeth.</subfield>
      </datafield>
      <datafield ind1='1' ind2=' ' tag='700'>
        <subfield code='a'>Gozzi, Carlo,</subfield>
        <subfield code='d'>1720-1806.</subfield>
        <subfield code='t'>Turandot.</subfield>
      </datafield>
      <datafield ind1='1' ind2=' ' tag='700'>
        <subfield code='a'>Racine, Jean,</subfield>
        <subfield code='d'>1639-1699.</subfield>
      </datafield>
      <datafield ind1='1' ind2=' ' tag='700'>
        <subfield code='a'>Picard, L.-B.</subfield>
        <subfield code='q'>(Louis-Benoît),</subfield>
        <subfield code='d'>1769-1828.</subfield>
      </datafield>
      <datafield ind1='1' ind2=' ' tag='700'>
        <subfield code='a'>Boxberger, Robert.</subfield>
      </datafield>
      <datafield ind1='1' ind2=' ' tag='700'>
        <subfield code='a'>Birlinger, Anton,</subfield>
        <subfield code='d'>1834-1891.</subfield>
      </datafield>
      <datafield ind1=' ' ind2='0' tag='830'>
        <subfield code='a'>Deutsche National-Litteratur ;</subfield>
        <subfield code='v'>118.-129. Bd.</subfield>
      </datafield>
      <datafield ind1=' ' ind2=' ' tag='907'>
        <subfield code='a'>b1520820</subfield>
      </datafield>
      <datafield ind1='9' ind2='1' tag='999'>
        <subfield code='i'>i2142759</subfield>
        <subfield code='l'>trln</subfield>
        <subfield code='s'>-</subfield>
        <subfield code='t'>0</subfield>
        <subfield code='c'>1</subfield>
        <subfield code='o'>0</subfield>
        <subfield code='b'>00032458340</subfield>
        <subfield code='p'>090##</subfield>
        <subfield code='q'>|aPT1101 .D4 Bd. 118</subfield>
        <subfield code='v'>Bd.118=T.1</subfield>
      </datafield>
      <datafield ind1='9' ind2='1' tag='999'>
        <subfield code='i'>i2142760</subfield>
        <subfield code='l'>trln</subfield>
        <subfield code='s'>-</subfield>
        <subfield code='t'>0</subfield>
        <subfield code='c'>1</subfield>
        <subfield code='o'>0</subfield>
        <subfield code='b'>00032458331</subfield>
        <subfield code='p'>090##</subfield>
        <subfield code='q'>|aPT1101 .D4 Bd. 119</subfield>
        <subfield code='v'>Bd.119=T.2</subfield>
      </datafield>
      <datafield ind1='9' ind2='1' tag='999'>
        <subfield code='i'>i2142761</subfield>
        <subfield code='l'>trln</subfield>
        <subfield code='s'>-</subfield>
        <subfield code='t'>0</subfield>
        <subfield code='c'>1</subfield>
        <subfield code='o'>1</subfield>
        <subfield code='b'>00032458322</subfield>
        <subfield code='p'>090##</subfield>
        <subfield code='q'>|aPT1101 .D4 Bd. 120</subfield>
        <subfield code='v'>Bd.120=T.3</subfield>
      </datafield>
      <datafield ind1='9' ind2='1' tag='999'>
        <subfield code='i'>i2142762</subfield>
        <subfield code='l'>trln</subfield>
        <subfield code='s'>-</subfield>
        <subfield code='t'>0</subfield>
        <subfield code='c'>1</subfield>
        <subfield code='o'>0</subfield>
        <subfield code='b'>00032458313</subfield>
        <subfield code='p'>090##</subfield>
        <subfield code='q'>|aPT1101 .D4 Bd. 121</subfield>
        <subfield code='v'>Bd.121=T.4</subfield>
      </datafield>
      <datafield ind1='9' ind2='1' tag='999'>
        <subfield code='i'>i2142763</subfield>
        <subfield code='l'>trln</subfield>
        <subfield code='s'>-</subfield>
        <subfield code='t'>0</subfield>
        <subfield code='c'>1</subfield>
        <subfield code='o'>0</subfield>
        <subfield code='b'>00032458304</subfield>
        <subfield code='p'>090##</subfield>
        <subfield code='q'>|aPT1101 .D4 Bd. 122 Abt. 1</subfield>
        <subfield code='v'>Bd.122:Abt.1=T.5:Abt.1</subfield>
      </datafield>
      <datafield ind1='9' ind2='1' tag='999'>
        <subfield code='i'>i2142764</subfield>
        <subfield code='l'>trln</subfield>
        <subfield code='s'>-</subfield>
        <subfield code='t'>0</subfield>
        <subfield code='c'>1</subfield>
        <subfield code='o'>0</subfield>
        <subfield code='b'>00032458297</subfield>
        <subfield code='p'>090##</subfield>
        <subfield code='q'>|aPT1101 .D4 Bd. 123 Abt. 1</subfield>
        <subfield code='v'>Bd.123:Abt.1=T.6:Abt.1</subfield>
      </datafield>
      <datafield ind1='9' ind2='1' tag='999'>
        <subfield code='i'>i2142765</subfield>
        <subfield code='l'>trln</subfield>
        <subfield code='s'>-</subfield>
        <subfield code='t'>0</subfield>
        <subfield code='c'>1</subfield>
        <subfield code='o'>0</subfield>
        <subfield code='b'>00032458288</subfield>
        <subfield code='p'>090##</subfield>
        <subfield code='q'>|aPT1101 .D4 Bd. 123 Abt. 2</subfield>
        <subfield code='v'>Bd.123:Abt.2=T.6:Abt.2</subfield>
      </datafield>
      <datafield ind1='9' ind2='1' tag='999'>
        <subfield code='i'>i2142766</subfield>
        <subfield code='l'>trln</subfield>
        <subfield code='s'>-</subfield>
        <subfield code='t'>0</subfield>
        <subfield code='c'>1</subfield>
        <subfield code='o'>0</subfield>
        <subfield code='b'>00032458279</subfield>
        <subfield code='p'>090##</subfield>
        <subfield code='q'>|aPT1101 .D4 Bd. 124</subfield>
        <subfield code='v'>Bd.124=T.7</subfield>
      </datafield>
      <datafield ind1='9' ind2='1' tag='999'>
        <subfield code='i'>i2142767</subfield>
        <subfield code='l'>trln</subfield>
        <subfield code='s'>-</subfield>
        <subfield code='t'>0</subfield>
        <subfield code='c'>1</subfield>
        <subfield code='o'>0</subfield>
        <subfield code='b'>00032458260</subfield>
        <subfield code='p'>090##</subfield>
        <subfield code='q'>|aPT1101 .D4 Bd. 125</subfield>
        <subfield code='v'>Bd.125=T.8</subfield>
      </datafield>
      <datafield ind1='9' ind2='1' tag='999'>
        <subfield code='i'>i2142768</subfield>
        <subfield code='l'>trln</subfield>
        <subfield code='s'>-</subfield>
        <subfield code='t'>0</subfield>
        <subfield code='c'>1</subfield>
        <subfield code='o'>0</subfield>
        <subfield code='b'>00032458251</subfield>
        <subfield code='p'>090##</subfield>
        <subfield code='q'>|aPT1101 .D4 Bd. 126</subfield>
        <subfield code='v'>Bd.126=T.9</subfield>
      </datafield>
      <datafield ind1='9' ind2='1' tag='999'>
        <subfield code='i'>i2142769</subfield>
        <subfield code='l'>trln</subfield>
        <subfield code='s'>-</subfield>
        <subfield code='t'>0</subfield>
        <subfield code='c'>1</subfield>
        <subfield code='o'>0</subfield>
        <subfield code='b'>00032458242</subfield>
        <subfield code='p'>090##</subfield>
        <subfield code='q'>|aPT1101 .D4 Bd. 127 Abt. 1</subfield>
        <subfield code='v'>Bd.127:Abt.1=T.10:Abt.1</subfield>
      </datafield>
      <datafield ind1='9' ind2='1' tag='999'>
        <subfield code='i'>i2142770</subfield>
        <subfield code='l'>trln</subfield>
        <subfield code='s'>-</subfield>
        <subfield code='t'>0</subfield>
        <subfield code='c'>1</subfield>
        <subfield code='o'>0</subfield>
        <subfield code='b'>00032458233</subfield>
        <subfield code='p'>090##</subfield>
        <subfield code='q'>|aPT1101 .D4 Bd. 127 Abt. 2</subfield>
        <subfield code='v'>Bd.127:Abt.2=T.10:Abt.2</subfield>
      </datafield>
      <datafield ind1='9' ind2='1' tag='999'>
        <subfield code='i'>i2142771</subfield>
        <subfield code='l'>trln</subfield>
        <subfield code='s'>-</subfield>
        <subfield code='t'>0</subfield>
        <subfield code='c'>1</subfield>
        <subfield code='o'>0</subfield>
        <subfield code='b'>00032458224</subfield>
        <subfield code='p'>090##</subfield>
        <subfield code='q'>|aPT1101 .D4 Bd. 128</subfield>
        <subfield code='v'>Bd.128=T.11</subfield>
      </datafield>
      <datafield ind1='9' ind2='1' tag='999'>
        <subfield code='i'>i2142772</subfield>
        <subfield code='l'>trln</subfield>
        <subfield code='s'>-</subfield>
        <subfield code='t'>0</subfield>
        <subfield code='c'>1</subfield>
        <subfield code='o'>0</subfield>
        <subfield code='b'>00032458215</subfield>
        <subfield code='p'>090##</subfield>
        <subfield code='q'>|aPT1101 .D4 Bd. 129 Abt. 1</subfield>
        <subfield code='v'>Bd.129:Abt.1=T.12:Abt.1</subfield>
      </datafield>
      <datafield ind1='9' ind2='1' tag='999'>
        <subfield code='i'>i2142773</subfield>
        <subfield code='l'>trln</subfield>
        <subfield code='s'>-</subfield>
        <subfield code='t'>0</subfield>
        <subfield code='c'>1</subfield>
        <subfield code='o'>0</subfield>
        <subfield code='b'>00032458607</subfield>
        <subfield code='p'>090##</subfield>
        <subfield code='q'>|aPT1101 .D4 Bd. 129 Abt. 2</subfield>
        <subfield code='v'>Bd.129:Abt.2=T.12:Abt.2</subfield>
      </datafield>
      <datafield ind1='9' ind2='2' tag='999'>
        <subfield code='a'>c1509589</subfield>
        <subfield code='b'>trln</subfield>
        <subfield code='c'>0</subfield>
      </datafield>
      <datafield ind1='9' ind2='3' tag='999'>
        <subfield code='0'>c1509589</subfield>
        <subfield code='2'>852</subfield>
        <subfield code='3'>c</subfield>
        <subfield code='b'>555521</subfield>
        <subfield code='h'>PT1101</subfield>
        <subfield code='i'>.D4 Bd. 118-129</subfield>
        <subfield code='x'>Previously converted record</subfield>
      </datafield>
      <datafield ind1='9' ind2='3' tag='999'>
        <subfield code='0'>c1509589</subfield>
        <subfield code='2'>853</subfield>
        <subfield code='3'>y</subfield>
        <subfield code='8'>1</subfield>
        <subfield code='a'>Bd.</subfield>
        <subfield code='b'>Abt.</subfield>
        <subfield code='g'>T.</subfield>
        <subfield code='h'>Abt.</subfield>
        <subfield code='t'>c.</subfield>
      </datafield>
      <datafield ind1='9' ind2='3' tag='999'>
        <subfield code='0'>c1509589</subfield>
        <subfield code='2'>866</subfield>
        <subfield code='3'>h</subfield>
        <subfield code='8'>0</subfield>
        <subfield code='a'>Bd.118-129=T.1-12</subfield>
      </datafield>
      <datafield ind1='0' ind2='0' tag='999'>
        <subfield code='a'>2004-10-01 00:00:00-04</subfield>
        <subfield code='c'>2004-09-28 16:22:13-04</subfield>
        <subfield code='u'>2017-04-14 18:22:00-04</subfield>
      </datafield>
  </record>