
  <record>
    <leader>00000cjm  2200481I  4500</leader>
      <controlfield tag='008'>920409s1972    enkopn   dfi        ita  </controlfield>
      <controlfield tag='007'>sd-bsmenn-----</controlfield>
      <controlfield tag='001'>4051008</controlfield>
      <controlfield tag='005'>19920409000000.0</controlfield>
      <datafield ind1=' ' ind2=' ' tag='010'>
        <subfield code='a'>72760676 /R</subfield>
      </datafield>
      <datafield ind1=' ' ind2=' ' tag='019'>
        <subfield code='a'>747494</subfield>
        <subfield code='a'>6807385</subfield>
      </datafield>
      <datafield ind1='0' ind2='0' tag='028'>
        <subfield code='a'>OSA 13102 (OS. 26236--OS. 26238)</subfield>
        <subfield code='b'>London</subfield>
      </datafield>
      <datafield ind1=' ' ind2=' ' tag='040'>
        <subfield code='a'>DLC</subfield>
        <subfield code='c'>IAW</subfield>
        <subfield code='d'>IAW</subfield>
        <subfield code='d'>m.c.</subfield>
        <subfield code='d'>OCL</subfield>
        <subfield code='d'>m/c</subfield>
        <subfield code='d'>IUL</subfield>
        <subfield code='d'>NOC</subfield>
      </datafield>
      <datafield ind1='0' ind2=' ' tag='041'>
        <subfield code='d'>ita</subfield>
        <subfield code='e'>engita</subfield>
        <subfield code='h'>ita</subfield>
        <subfield code='g'>eng</subfield>
      </datafield>
      <datafield ind1=' ' ind2=' ' tag='045'>
        <subfield code='a'>w4w6</subfield>
      </datafield>
      <datafield ind1='1' ind2=' ' tag='100'>
        <subfield code='a'>Verdi, Giuseppe,</subfield>
        <subfield code='d'>1813-1901.</subfield>
      </datafield>
      <datafield ind1='1' ind2='0' tag='240'>
        <subfield code='a'>Macbeth</subfield>
      </datafield>
      <datafield ind1='1' ind2='0' tag='245'>
        <subfield code='a'>Macbeth</subfield>
        <subfield code='h'>[sound disc].</subfield>
      </datafield>
      <datafield ind1=' ' ind2=' ' tag='260'>
        <subfield code='b'>London</subfield>
        <subfield code='c'>[1972]</subfield>
      </datafield>
      <datafield ind1=' ' ind2=' ' tag='300'>
        <subfield code='a'>3 discs.</subfield>
        <subfield code='b'>33 1/3 rpm. stereo.</subfield>
        <subfield code='c'>12 in.</subfield>
      </datafield>
      <datafield ind1=' ' ind2=' ' tag='306'>
        <subfield code='a'>022600</subfield>
      </datafield>
      <datafield ind1=' ' ind2=' ' tag='500'>
        <subfield code='a'>Opera; sung in Italian.</subfield>
      </datafield>
      <datafield ind1=' ' ind2=' ' tag='500'>
        <subfield code='a'>Libretto by Francesco Maria Piave and Andrea Maffei.</subfield>
      </datafield>
      <datafield ind1=' ' ind2=' ' tag='500'>
        <subfield code='a'>Duration: about 2 hr., 26 min.</subfield>
      </datafield>
      <datafield ind1=' ' ind2=' ' tag='500'>
        <subfield code='a'>Automatic sequence.</subfield>
      </datafield>
      <datafield ind1=' ' ind2=' ' tag='500'>
        <subfield code='a'>Program notes and libretto with English translation (28 p. ; ill.) laid in container.</subfield>
      </datafield>
      <datafield ind1='0' ind2=' ' tag='511'>
        <subfield code='a'>Elena Souliotis, soprano; Luciano Pavarotti, tenor; Dietrich Fischer-Dieskau, baritone; Nicolai Ghaiurov, bass; supporting soloists; Ambrosian Opera Chorus; London Philharmonic Orchestra; Lamberto Gardelli, conductor.</subfield>
      </datafield>
      <datafield ind1='0' ind2='0' tag='600'>
        <subfield code='a'>Macbeth,</subfield>
        <subfield code='c'>King of Scotland,</subfield>
        <subfield code='d'>active 11th century</subfield>
        <subfield code='v'>Drama.</subfield>
      </datafield>
      <datafield ind1=' ' ind2='7' tag='655'>
        <subfield code='a'>Operas.</subfield>
        <subfield code='2'>lcgft</subfield>
      </datafield>
      <datafield ind1='1' ind2=' ' tag='700'>
        <subfield code='a'>Piave, Francesco Maria,</subfield>
        <subfield code='d'>1810-1876.</subfield>
        <subfield code='4'>lbt</subfield>
      </datafield>
      <datafield ind1='1' ind2=' ' tag='700'>
        <subfield code='a'>Maffei, Andrea,</subfield>
        <subfield code='d'>1798-1885.</subfield>
        <subfield code='4'>lbt</subfield>
      </datafield>
      <datafield ind1='1' ind2=' ' tag='700'>
        <subfield code='a'>Shakespeare, William,</subfield>
        <subfield code='d'>1564-1616.</subfield>
        <subfield code='t'>Macbeth.</subfield>
      </datafield>
      <datafield ind1='1' ind2=' ' tag='700'>
        <subfield code='a'>Suliotis, Elena.</subfield>
        <subfield code='4'>prf</subfield>
      </datafield>
      <datafield ind1='1' ind2=' ' tag='700'>
        <subfield code='a'>Pavarotti, Luciano.</subfield>
        <subfield code='4'>prf</subfield>
      </datafield>
      <datafield ind1='1' ind2=' ' tag='700'>
        <subfield code='a'>Fischer-Dieskau, Dietrich,</subfield>
        <subfield code='d'>1925-2012.</subfield>
        <subfield code='4'>prf</subfield>
      </datafield>
      <datafield ind1='1' ind2=' ' tag='700'>
        <subfield code='a'>Ghiaurov, Nicolai,</subfield>
        <subfield code='d'>1929-2004.</subfield>
        <subfield code='4'>prf</subfield>
      </datafield>
      <datafield ind1='1' ind2=' ' tag='700'>
        <subfield code='a'>Gardelli, Lamberto.</subfield>
        <subfield code='4'>cnd</subfield>
      </datafield>
      <datafield ind1='2' ind2=' ' tag='710'>
        <subfield code='a'>Ambrosian Opera Chorus.</subfield>
        <subfield code='4'>prf</subfield>
      </datafield>
      <datafield ind1='2' ind2=' ' tag='710'>
        <subfield code='a'>London Philharmonic Orchestra.</subfield>
        <subfield code='4'>prf</subfield>
      </datafield>
      <datafield ind1=' ' ind2=' ' tag='907'>
        <subfield code='a'>b1546751</subfield>
      </datafield>
      <datafield ind1='9' ind2='1' tag='999'>
        <subfield code='i'>i2183492</subfield>
        <subfield code='l'>mmdd</subfield>
        <subfield code='s'>-</subfield>
        <subfield code='t'>50</subfield>
        <subfield code='c'>1</subfield>
        <subfield code='o'>9</subfield>
        <subfield code='b'>00010648347</subfield>
        <subfield code='p'>099#9</subfield>
        <subfield code='q'>|a11,162a</subfield>
      </datafield>
      <datafield ind1='0' ind2='0' tag='999'>
        <subfield code='a'>2004-10-01 00:00:00-04</subfield>
        <subfield code='c'>2004-09-28 16:25:02-04</subfield>
        <subfield code='u'>2017-11-15 15:46:10-05</subfield>
      </datafield>
  </record>