
  <record>
    <leader>00000cam  2200241Ii 4500</leader>
      <controlfield tag='008'>930405s1947    it            000 0 ita d</controlfield>
      <controlfield tag='001'>4986463</controlfield>
      <controlfield tag='005'>19930405000000.0</controlfield>
      <datafield ind1=' ' ind2=' ' tag='040'>
        <subfield code='a'>CLU</subfield>
        <subfield code='c'>CLU</subfield>
        <subfield code='d'>m.c.</subfield>
        <subfield code='d'>NOC</subfield>
      </datafield>
      <datafield ind1='1' ind2=' ' tag='100'>
        <subfield code='a'>Bloch, Ernest,</subfield>
        <subfield code='d'>1880-1959.</subfield>
      </datafield>
      <datafield ind1='1' ind2='0' tag='240'>
        <subfield code='a'>Macbeth (Opera).</subfield>
        <subfield code='s'>Libretto.</subfield>
        <subfield code='l'>Italian</subfield>
      </datafield>
      <datafield ind1='1' ind2='0' tag='245'>
        <subfield code='a'>Macbeth :</subfield>
        <subfield code='b'>dramma lirico in un prologo e tre atti /</subfield>
        <subfield code='c'>di Edmond Fleg (da Shakespeare) ; musica di Ernest Bloch ; versione Italiana di Mary Tibaldi Chiesa.</subfield>
      </datafield>
      <datafield ind1=' ' ind2=' ' tag='260'>
        <subfield code='a'>Milano :</subfield>
        <subfield code='b'>Edizioni Suvini Zerboni,</subfield>
        <subfield code='c'>c1947.</subfield>
      </datafield>
      <datafield ind1=' ' ind2=' ' tag='300'>
        <subfield code='a'>76 p. ;</subfield>
        <subfield code='c'>17 cm.</subfield>
      </datafield>
      <datafield ind1='1' ind2='0' tag='600'>
        <subfield code='a'>Shakespeare, William,</subfield>
        <subfield code='d'>1564-1616</subfield>
        <subfield code='v'>Musical settings.</subfield>
      </datafield>
      <datafield ind1=' ' ind2='0' tag='650'>
        <subfield code='a'>Operas</subfield>
        <subfield code='v'>Librettos.</subfield>
      </datafield>
      <datafield ind1='1' ind2=' ' tag='700'>
        <subfield code='a'>Fleg, Edmond,</subfield>
        <subfield code='d'>1874-1963.</subfield>
      </datafield>
      <datafield ind1='1' ind2=' ' tag='700'>
        <subfield code='a'>Tibaldi Chiesa, Maria.</subfield>
      </datafield>
      <datafield ind1='1' ind2=' ' tag='700'>
        <subfield code='a'>Shakespeare, William,</subfield>
        <subfield code='d'>1564-1616.</subfield>
        <subfield code='t'>Macbeth.</subfield>
      </datafield>
      <datafield ind1=' ' ind2=' ' tag='907'>
        <subfield code='a'>b1614020</subfield>
      </datafield>
      <datafield ind1='9' ind2='1' tag='999'>
        <subfield code='i'>i2295579</subfield>
        <subfield code='l'>mmda</subfield>
        <subfield code='s'>-</subfield>
        <subfield code='t'>0</subfield>
        <subfield code='c'>1</subfield>
        <subfield code='o'>1</subfield>
        <subfield code='b'>00010312137</subfield>
        <subfield code='p'>090##</subfield>
        <subfield code='q'>|aML50.B65 M34 1947</subfield>
      </datafield>
      <datafield ind1='0' ind2='0' tag='999'>
        <subfield code='a'>2004-10-01 00:00:00-04</subfield>
        <subfield code='c'>2004-09-29 15:56:00-04</subfield>
        <subfield code='u'>2016-09-24 20:41:03-04</subfield>
      </datafield>
  </record>