
  <record>
    <leader>00000cgm a2200469Ia 4500</leader>
      <controlfield tag='008'>830602s1982    nyu148u           vleng d</controlfield>
      <controlfield tag='007'>vfrcbaho</controlfield>
      <controlfield tag='001'>9568980</controlfield>
      <controlfield tag='005'>19830602000000.0</controlfield>
      <datafield ind1=' ' ind2=' ' tag='040'>
        <subfield code='a'>NOC</subfield>
        <subfield code='c'>NOC</subfield>
      </datafield>
      <datafield ind1='0' ind2='0' tag='245'>
        <subfield code='a'>Macbeth</subfield>
        <subfield code='h'>[videocassette] /</subfield>
        <subfield code='c'>William Shakespeare ; directed by Jack Gold ; produced by Shaun Sutton ; a BBC Television production in association with Time-Life Television.</subfield>
      </datafield>
      <datafield ind1='3' ind2=' ' tag='246'>
        <subfield code='a'>MacBeth [BBC]</subfield>
      </datafield>
      <datafield ind1=' ' ind2=' ' tag='260'>
        <subfield code='a'>New York :</subfield>
        <subfield code='b'>Time-Life Video,</subfield>
        <subfield code='c'>1982.</subfield>
      </datafield>
      <datafield ind1=' ' ind2=' ' tag='300'>
        <subfield code='a'>2 videocassettes (148 min.) :</subfield>
        <subfield code='b'>sd., col. ;</subfield>
        <subfield code='c'>1/2</subfield>
      </datafield>
      <datafield ind1=' ' ind2=' ' tag='500'>
        <subfield code='a'>Originally produced or released in 1983.</subfield>
      </datafield>
      <datafield ind1=' ' ind2=' ' tag='500'>
        <subfield code='a'>Run time: approx. 148 min.</subfield>
      </datafield>
      <datafield ind1=' ' ind2=' ' tag='508'>
        <subfield code='a'>Produced by Shaun Sutton; literary consultant, Dr. John Wilders ;  original music by Carl Davis. ; edited by Stan Pow.</subfield>
      </datafield>
      <datafield ind1=' ' ind2=' ' tag='508'>
        <subfield code='a'>Produced by Shaun Sutton; literary consultant, Dr. John Wilders ;  original music by Carl Davis. ; edited by Stan Pow.</subfield>
      </datafield>
      <datafield ind1='1' ind2=' ' tag='511'>
        <subfield code='a'>Tony Doyle, Jane Lapotaire, Mark Dignam, Nicol Williamson, James Hazeldine, Jon Rowe, Gawn Grainger, Ian Hogg, Brenda Bruce, Eileen Way, Anne Dyson, Gordon Kane, James Bolam, Christopher Ellison, Tom Bowles, Jill Baker and Crispin Mair.</subfield>
      </datafield>
      <datafield ind1=' ' ind2=' ' tag='520'>
        <subfield code='a'>Nicol Williamson is MacBeth and Jane Lapotaire Lady MacBeth in this BBC production of Shakespeare&apos;s tragic masterpiece.  Williamson and Lapotaire make MacBeth and his lady an decidedly eccentric, neurotic pair.  Williamson brings his trademark almost whimsically unusual line readings to the role, while Lapotaire&apos;s Lady MacBeth is played with moments that almost seem like orgiastic parody.   Mark Dignam is Duncan, James Hazeldine is Malcolm, Jon Rowe is Lennox, Gawn Grainger is Ross, Ian Hogg as Banquo.  Also With:  Brenda Bruce as the first witch, Eileen Way as the second witch, Anne Dyson as the third witch, Gordon Kane as First Messenger, James Bolam as Porter, Christopher Ellison as a captain, Tom Bowles as Donalbain, Jill Baker as Lady MacDuff, and Crispin Mair as MacDuff&apos;s son.</subfield>
      </datafield>
      <datafield ind1=' ' ind2=' ' tag='520'>
        <subfield code='a'>A dramatization of William Shakespeare&apos;s tragedy entitled Macbeth.</subfield>
      </datafield>
      <datafield ind1=' ' ind2='7' tag='655'>
        <subfield code='a'>Drama.</subfield>
        <subfield code='2'>local</subfield>
      </datafield>
      <datafield ind1=' ' ind2='7' tag='655'>
        <subfield code='a'>Shakespeare On Film.</subfield>
        <subfield code='2'>local</subfield>
      </datafield>
      <datafield ind1=' ' ind2='7' tag='655'>
        <subfield code='a'>Theater - Plays.</subfield>
        <subfield code='2'>local</subfield>
      </datafield>
      <datafield ind1=' ' ind2='7' tag='655'>
        <subfield code='a'>British literature</subfield>
        <subfield code='x'>Adaptations.</subfield>
        <subfield code='2'>local</subfield>
      </datafield>
      <datafield ind1=' ' ind2=' ' tag='691'>
        <subfield code='a'>UK.</subfield>
      </datafield>
      <datafield ind1='1' ind2=' ' tag='700'>
        <subfield code='a'>Shakespeare, William,</subfield>
        <subfield code='d'>1564-1616.</subfield>
        <subfield code='t'>Macbeth.</subfield>
      </datafield>
      <datafield ind1='1' ind2=' ' tag='700'>
        <subfield code='a'>Gold, Jack,</subfield>
        <subfield code='d'>1930-2015.</subfield>
        <subfield code='4'>drt</subfield>
      </datafield>
      <datafield ind1='2' ind2=' ' tag='710'>
        <subfield code='a'>British Broadcasting Corporation.</subfield>
        <subfield code='b'>Television Service.</subfield>
      </datafield>
      <datafield ind1='2' ind2=' ' tag='710'>
        <subfield code='a'>Time-Life Television.</subfield>
      </datafield>
      <datafield ind1=' ' ind2='0' tag='830'>
        <subfield code='a'>Shakespeare plays.</subfield>
      </datafield>
      <datafield ind1=' ' ind2=' ' tag='907'>
        <subfield code='a'>b1892545</subfield>
      </datafield>
      <datafield ind1='9' ind2='1' tag='999'>
        <subfield code='i'>i2739457</subfield>
        <subfield code='l'>truls</subfield>
        <subfield code='s'>o</subfield>
        <subfield code='t'>57</subfield>
        <subfield code='c'>2</subfield>
        <subfield code='o'>12</subfield>
        <subfield code='b'>00006500333</subfield>
        <subfield code='p'>099#9</subfield>
        <subfield code='q'>|a65-V321</subfield>
        <subfield code='v'>pt.1&amp;2</subfield>
        <subfield code='n'>Ask at Media Resources Desk for assistance. Phone: (919)-962-2559. Email address: mrc@unc.edu</subfield>
      </datafield>
      <datafield ind1='9' ind2='1' tag='999'>
        <subfield code='i'>i2739458</subfield>
        <subfield code='l'>ulba</subfield>
        <subfield code='s'>o</subfield>
        <subfield code='t'>82</subfield>
        <subfield code='c'>3</subfield>
        <subfield code='o'>0</subfield>
        <subfield code='b'>00006525094</subfield>
        <subfield code='p'>099#9</subfield>
        <subfield code='q'>|a65-V321</subfield>
        <subfield code='v'>pt.1&amp;2</subfield>
      </datafield>
      <datafield ind1='0' ind2='0' tag='999'>
        <subfield code='a'>2004-10-01 00:00:00-04</subfield>
        <subfield code='c'>2004-09-30 09:33:00-04</subfield>
        <subfield code='u'>2017-06-09 10:57:22-04</subfield>
      </datafield>
  </record>