
  <record>
    <leader>00000cgm  2200277Ia 4500</leader>
      <controlfield tag='007'>vfrbbaho</controlfield>
      <controlfield tag='008'>831022r19831948cau089u           vleng d</controlfield>
      <controlfield tag='001'>10047151</controlfield>
      <controlfield tag='005'>19831207000000.0</controlfield>
      <datafield ind1=' ' ind2=' ' tag='040'>
        <subfield code='a'>FPL</subfield>
        <subfield code='c'>FPL</subfield>
        <subfield code='d'>NOC</subfield>
      </datafield>
      <datafield ind1='0' ind2='0' tag='245'>
        <subfield code='a'>Macbeth</subfield>
        <subfield code='h'>[videocassette] /</subfield>
        <subfield code='c'>Republic Pictures.</subfield>
      </datafield>
      <datafield ind1='3' ind2=' ' tag='246'>
        <subfield code='a'>MacBeth (Orson Welles)</subfield>
      </datafield>
      <datafield ind1=' ' ind2=' ' tag='260'>
        <subfield code='a'>Los Angeles, CA :</subfield>
        <subfield code='b'>NTA Home Entertainment,</subfield>
        <subfield code='c'>c1983.</subfield>
      </datafield>
      <datafield ind1=' ' ind2=' ' tag='300'>
        <subfield code='a'>1 videocassette (89 min.) :</subfield>
        <subfield code='b'>sd., b&amp;w ;</subfield>
        <subfield code='c'>1/2 in.</subfield>
      </datafield>
      <datafield ind1=' ' ind2=' ' tag='500'>
        <subfield code='a'>Originally produced or released in 1948.</subfield>
      </datafield>
      <datafield ind1=' ' ind2=' ' tag='500'>
        <subfield code='a'>Run time: approx. 89 USA:107 (restored version) min.</subfield>
      </datafield>
      <datafield ind1=' ' ind2=' ' tag='500'>
        <subfield code='a'>VHS format.</subfield>
      </datafield>
      <datafield ind1=' ' ind2=' ' tag='500'>
        <subfield code='a'>Videocassette release of the 1948 original version by Republic Pictures.</subfield>
      </datafield>
      <datafield ind1=' ' ind2=' ' tag='508'>
        <subfield code='a'>Producer-director, Orson Welles ; music, Jacques Ibert.</subfield>
      </datafield>
      <datafield ind1='1' ind2=' ' tag='511'>
        <subfield code='a'>Orson Welles, Jeanette Nolan, Dan O&apos;Herlihy, Roddy McDowall, Edgar Barrier, Alan Napier, Erskine Sanford, John Dierkes, Keene Curtis, Peggy Webber.</subfield>
      </datafield>
      <datafield ind1=' ' ind2=' ' tag='520'>
        <subfield code='a'>A dramatization of William Shakespeare&apos;s tragedy entitled Macbeth.</subfield>
      </datafield>
      <datafield ind1=' ' ind2='0' tag='650'>
        <subfield code='a'>English drama</subfield>
        <subfield code='y'>Early modern and Elizabethan, 1500-1600.</subfield>
      </datafield>
      <datafield ind1=' ' ind2='7' tag='655'>
        <subfield code='a'>British literature</subfield>
        <subfield code='x'>Adaptations.</subfield>
        <subfield code='2'>local</subfield>
      </datafield>
      <datafield ind1=' ' ind2='7' tag='655'>
        <subfield code='a'>Drama.</subfield>
        <subfield code='2'>local</subfield>
      </datafield>
      <datafield ind1=' ' ind2='7' tag='655'>
        <subfield code='a'>Shakespeare On Film.</subfield>
        <subfield code='2'>local</subfield>
      </datafield>
      <datafield ind1=' ' ind2='7' tag='655'>
        <subfield code='a'>Theater - Plays.</subfield>
        <subfield code='2'>local</subfield>
      </datafield>
      <datafield ind1=' ' ind2=' ' tag='691'>
        <subfield code='a'>USA.</subfield>
      </datafield>
      <datafield ind1='1' ind2=' ' tag='700'>
        <subfield code='a'>Shakespeare, William,</subfield>
        <subfield code='d'>1564-1616.</subfield>
        <subfield code='t'>Macbeth.</subfield>
      </datafield>
      <datafield ind1='1' ind2=' ' tag='700'>
        <subfield code='a'>Welles, Orson,</subfield>
        <subfield code='d'>1915-1985.</subfield>
      </datafield>
      <datafield ind1='2' ind2=' ' tag='710'>
        <subfield code='a'>Republic Pictures Corporation.</subfield>
      </datafield>
      <datafield ind1=' ' ind2=' ' tag='907'>
        <subfield code='a'>b1920098</subfield>
      </datafield>
      <datafield ind1='9' ind2='1' tag='999'>
        <subfield code='i'>i2778259</subfield>
        <subfield code='l'>uldal</subfield>
        <subfield code='s'>e</subfield>
        <subfield code='t'>57</subfield>
        <subfield code='c'>1</subfield>
        <subfield code='o'>10</subfield>
        <subfield code='d'>20180403</subfield>
        <subfield code='b'>00006442487</subfield>
        <subfield code='p'>099#9</subfield>
        <subfield code='q'>|a65-V392</subfield>
        <subfield code='n'>Ask at Media Resources Desk for assistance.  Phone: (919)-962-2559. Email address: mrc@unc.edu</subfield>
      </datafield>
      <datafield ind1='0' ind2='0' tag='999'>
        <subfield code='a'>2004-10-01 00:00:00-04</subfield>
        <subfield code='c'>2004-09-30 09:38:00-04</subfield>
        <subfield code='u'>2016-06-07 12:31:00-04</subfield>
      </datafield>
  </record>