
  <record>
    <leader>00000cam a2200229Ia 4500</leader>
      <controlfield tag='008'>850130s1954    sp            000 0 spa d</controlfield>
      <controlfield tag='001'>11638726</controlfield>
      <controlfield tag='005'>19850130000000.0</controlfield>
      <datafield ind1=' ' ind2=' ' tag='040'>
        <subfield code='a'>NOC</subfield>
        <subfield code='c'>NOC</subfield>
      </datafield>
      <datafield ind1='0' ind2=' ' tag='100'>
        <subfield code='a'>León Felipe,</subfield>
        <subfield code='d'>1884-1968.</subfield>
      </datafield>
      <datafield ind1='1' ind2='0' tag='245'>
        <subfield code='a'>Macbeth, o, El asesino del sueño :</subfield>
        <subfield code='b'>paráfrasis de la tragedia de Shakespeare /</subfield>
        <subfield code='c'>por León Felipe.</subfield>
      </datafield>
      <datafield ind1=' ' ind2=' ' tag='260'>
        <subfield code='a'>México :</subfield>
        <subfield code='b'>Librería Madero,</subfield>
        <subfield code='c'>1954.</subfield>
      </datafield>
      <datafield ind1=' ' ind2=' ' tag='300'>
        <subfield code='a'>46 p. ;</subfield>
        <subfield code='c'>30 cm.</subfield>
      </datafield>
      <datafield ind1='1' ind2=' ' tag='700'>
        <subfield code='a'>Shakespeare, William,</subfield>
        <subfield code='d'>1564-1616.</subfield>
        <subfield code='t'>Macbeth.</subfield>
      </datafield>
      <datafield ind1='0' ind2=' ' tag='740'>
        <subfield code='a'>Macbeth.</subfield>
      </datafield>
      <datafield ind1='3' ind2=' ' tag='740'>
        <subfield code='a'>El asesino del sueño.</subfield>
      </datafield>
      <datafield ind1=' ' ind2=' ' tag='907'>
        <subfield code='a'>b2011749</subfield>
      </datafield>
      <datafield ind1='9' ind2='1' tag='999'>
        <subfield code='i'>i2909659</subfield>
        <subfield code='l'>trln</subfield>
        <subfield code='s'>-</subfield>
        <subfield code='t'>0</subfield>
        <subfield code='c'>1</subfield>
        <subfield code='o'>0</subfield>
        <subfield code='b'>00002601287</subfield>
        <subfield code='p'>090##</subfield>
        <subfield code='q'>|aPQ6605.A67 M28 1954</subfield>
      </datafield>
      <datafield ind1='0' ind2='0' tag='999'>
        <subfield code='a'>2004-10-01 00:00:00-04</subfield>
        <subfield code='c'>2004-10-01 08:32:58-04</subfield>
        <subfield code='u'>2016-10-23 16:27:11-04</subfield>
      </datafield>
  </record>