
  <record>
    <leader>00000cam a2200229Ia 4500</leader>
      <controlfield tag='008'>860618s1838    sp            000 0 spa d</controlfield>
      <controlfield tag='001'>13742824</controlfield>
      <controlfield tag='005'>19860618000000.0</controlfield>
      <datafield ind1=' ' ind2=' ' tag='040'>
        <subfield code='a'>NOC</subfield>
        <subfield code='c'>NOC</subfield>
      </datafield>
      <datafield ind1='1' ind2=' ' tag='100'>
        <subfield code='a'>García de Villalta, José.</subfield>
      </datafield>
      <datafield ind1='1' ind2='0' tag='245'>
        <subfield code='a'>Macbeth :</subfield>
        <subfield code='b'>drama histórico en cinco actos /</subfield>
        <subfield code='c'>compuesto en inglés por William Shakspeare [sic] ; y traducido libremente al castellano por José García Villalta.</subfield>
      </datafield>
      <datafield ind1=' ' ind2=' ' tag='260'>
        <subfield code='a'>Madrid :</subfield>
        <subfield code='b'>Impr. de J.M. Repullés,</subfield>
        <subfield code='c'>1838.</subfield>
      </datafield>
      <datafield ind1=' ' ind2=' ' tag='300'>
        <subfield code='a'>100 p. ;</subfield>
        <subfield code='c'>18 cm.</subfield>
      </datafield>
      <datafield ind1=' ' ind2=' ' tag='500'>
        <subfield code='a'>No. 12, in vol. 101 with binder&apos;s title: Teatro Español Borrás.</subfield>
      </datafield>
      <datafield ind1='1' ind2=' ' tag='700'>
        <subfield code='a'>Shakespeare, William,</subfield>
        <subfield code='d'>1564-1616.</subfield>
        <subfield code='t'>Macbeth.</subfield>
      </datafield>
      <datafield ind1=' ' ind2=' ' tag='907'>
        <subfield code='a'>b2122321</subfield>
      </datafield>
      <datafield ind1='9' ind2='1' tag='999'>
        <subfield code='i'>i3065779</subfield>
        <subfield code='l'>wcda</subfield>
        <subfield code='s'>o</subfield>
        <subfield code='t'>0</subfield>
        <subfield code='c'>1</subfield>
        <subfield code='o'>0</subfield>
        <subfield code='b'>HAKP-9705-00001</subfield>
        <subfield code='p'>090##</subfield>
        <subfield code='q'>|aPQ6217 .T443 v. 101, no. 12</subfield>
      </datafield>
      <datafield ind1='9' ind2='2' tag='999'>
        <subfield code='a'>c2352064</subfield>
        <subfield code='b'>wcda</subfield>
        <subfield code='c'>0</subfield>
      </datafield>
      <datafield ind1='9' ind2='3' tag='999'>
        <subfield code='0'>c2352064</subfield>
        <subfield code='2'>852</subfield>
        <subfield code='3'>c</subfield>
        <subfield code='b'>572211</subfield>
        <subfield code='h'>PQ6217</subfield>
        <subfield code='i'>.T443 v. 101, no. 12</subfield>
      </datafield>
      <datafield ind1='9' ind2='3' tag='999'>
        <subfield code='0'>c2352064</subfield>
        <subfield code='2'>852</subfield>
        <subfield code='3'>e</subfield>
        <subfield code='p'>HAKP-9705-00001</subfield>
        <subfield code='t'>1</subfield>
      </datafield>
      <datafield ind1='0' ind2='0' tag='999'>
        <subfield code='a'>2004-10-01 00:00:00-04</subfield>
        <subfield code='c'>2004-10-01 08:56:34-04</subfield>
        <subfield code='u'>2017-06-09 11:13:24-04</subfield>
      </datafield>
  </record>