
  <record>
    <leader>00000cgm  2200433Ia 4500</leader>
      <controlfield tag='008'>870202r19861971cau139            vleng d</controlfield>
      <controlfield tag='007'>vfrcbaho-</controlfield>
      <controlfield tag='001'>13960546</controlfield>
      <controlfield tag='005'>19890110112738.6</controlfield>
      <datafield ind1=' ' ind2=' ' tag='040'>
        <subfield code='a'>FPL</subfield>
        <subfield code='c'>FPL</subfield>
        <subfield code='d'>NOC</subfield>
      </datafield>
      <datafield ind1='0' ind2='0' tag='245'>
        <subfield code='a'>Macbeth</subfield>
        <subfield code='h'>[videocassette] /</subfield>
        <subfield code='c'>Playboy Productions, Inc. and Columbia Pictures Industries, Inc.</subfield>
      </datafield>
      <datafield ind1='3' ind2=' ' tag='246'>
        <subfield code='a'>MacBeth (Polanski)</subfield>
      </datafield>
      <datafield ind1=' ' ind2=' ' tag='260'>
        <subfield code='a'>Burbank, CA :</subfield>
        <subfield code='b'>RCA/Columbia Pictures Home Video,</subfield>
        <subfield code='c'>1986.</subfield>
      </datafield>
      <datafield ind1=' ' ind2=' ' tag='300'>
        <subfield code='a'>1 videocassette (139 min.) :</subfield>
        <subfield code='b'>sd., col. ;</subfield>
        <subfield code='c'>1/2 in.</subfield>
      </datafield>
      <datafield ind1=' ' ind2=' ' tag='500'>
        <subfield code='a'>Originally produced or released in 1971.</subfield>
      </datafield>
      <datafield ind1=' ' ind2=' ' tag='500'>
        <subfield code='a'>Run time: approx. 140 min.</subfield>
      </datafield>
      <datafield ind1=' ' ind2=' ' tag='500'>
        <subfield code='a'>VHS format.</subfield>
      </datafield>
      <datafield ind1=' ' ind2=' ' tag='500'>
        <subfield code='a'>&quot;VHS 60622&quot;</subfield>
      </datafield>
      <datafield ind1=' ' ind2=' ' tag='500'>
        <subfield code='a'>Based on &quot;The tragedy of Macbeth&quot; by William Shakespeare.</subfield>
      </datafield>
      <datafield ind1=' ' ind2=' ' tag='500'>
        <subfield code='a'>Rated R.</subfield>
      </datafield>
      <datafield ind1=' ' ind2=' ' tag='508'>
        <subfield code='a'>Screenplay, Roman Polanski, Kenneth Tynan ; executive producer, Hugh M. Hefner ; producer, Andrew Braunsberg ; director, Roman Polanski ; photographer, Gilbert Taylor ; music, Third Ear Band.</subfield>
      </datafield>
      <datafield ind1=' ' ind2=' ' tag='511'>
        <subfield code='a'>Jon Finch, Francesca Annis, Martin Shaw, Nicholas Selby, John Stired, Stephan Chase, Paul Shelly, Terence Bayler, Andrew Laurence.</subfield>
      </datafield>
      <datafield ind1=' ' ind2=' ' tag='520'>
        <subfield code='a'>This interpretation of MacBeth sparked an unusual amount of controversy for a production of Shakespeare.  It is a violent film, full of kinetic, disturbing images of death and dying -- decapitations and brutal swordplay abound.  Many interpreted the violence as an effort by the director to strike back at the public, especially the American public, for the horrible death of his wife, Sharon Tate, and others in the Manson slaughters.  Whether that assessment has any validity or not is irrelevant to the fact that this version of MacBeth is actually thrilling to watch.  The decision to go with young attractive actors in the roles of MacBeth and Lady MacBeth was a good one.  Jon Finch is properly ambitious and brutish as the traitorous Lord.  Francesca Annis is a lovely Lady MacBeth especially in the moments when her guilt makes her become distracted.  A lot was made of the fact that Hugh Hefner and Playboy magazine produced the film.  That too doesn&apos;t matter.  The gore and noise and minor eroticism of the film does nothing to denigrate the play and is obviously closer to the reality of a violent, semi-barbaric epoch in history.  The violence first netted the film an X rating by the MPAA.  A few scenes were cut to have the rating changed.</subfield>
      </datafield>
      <datafield ind1=' ' ind2=' ' tag='520'>
        <subfield code='a'>A dramatization of William Shakespeare&apos;s tragedy entitled Macbeth.</subfield>
      </datafield>
      <datafield ind1=' ' ind2='7' tag='655'>
        <subfield code='a'>British literature</subfield>
        <subfield code='x'>Adaptations.</subfield>
        <subfield code='2'>local</subfield>
      </datafield>
      <datafield ind1=' ' ind2='7' tag='655'>
        <subfield code='a'>Drama.</subfield>
        <subfield code='2'>local</subfield>
      </datafield>
      <datafield ind1=' ' ind2='7' tag='655'>
        <subfield code='a'>Historical Dramas.</subfield>
        <subfield code='2'>local</subfield>
      </datafield>
      <datafield ind1=' ' ind2='7' tag='655'>
        <subfield code='a'>Shakespeare On Film.</subfield>
        <subfield code='2'>local</subfield>
      </datafield>
      <datafield ind1=' ' ind2='7' tag='655'>
        <subfield code='a'>Theater - Plays.</subfield>
        <subfield code='2'>local</subfield>
      </datafield>
      <datafield ind1=' ' ind2=' ' tag='691'>
        <subfield code='a'>UK.</subfield>
      </datafield>
      <datafield ind1='1' ind2=' ' tag='700'>
        <subfield code='a'>Polanski, Roman.</subfield>
        <subfield code='4'>drt</subfield>
      </datafield>
      <datafield ind1='1' ind2=' ' tag='700'>
        <subfield code='a'>Shakespeare, William,</subfield>
        <subfield code='d'>1564-1616.</subfield>
        <subfield code='t'>Macbeth.</subfield>
      </datafield>
      <datafield ind1='2' ind2=' ' tag='710'>
        <subfield code='a'>Playboy Productions, Inc.</subfield>
      </datafield>
      <datafield ind1='2' ind2=' ' tag='710'>
        <subfield code='a'>Columbia Pictures Industries.</subfield>
      </datafield>
      <datafield ind1=' ' ind2=' ' tag='907'>
        <subfield code='a'>b2131891</subfield>
      </datafield>
      <datafield ind1='9' ind2='1' tag='999'>
        <subfield code='i'>i3078730</subfield>
        <subfield code='l'>uldal</subfield>
        <subfield code='s'>o</subfield>
        <subfield code='t'>57</subfield>
        <subfield code='c'>1</subfield>
        <subfield code='o'>31</subfield>
        <subfield code='b'>00006452634</subfield>
        <subfield code='p'>099#9</subfield>
        <subfield code='q'>|a65-V1139</subfield>
      </datafield>
      <datafield ind1='0' ind2='0' tag='999'>
        <subfield code='a'>2004-10-01 00:00:00-04</subfield>
        <subfield code='c'>2004-10-01 08:57:00-04</subfield>
        <subfield code='u'>2017-06-09 11:13:24-04</subfield>
      </datafield>
  </record>