
  <record>
    <leader>00000ccm  2200217I  4500</leader>
      <controlfield tag='008'>750519s1951    it opc         n  ||eng  </controlfield>
      <controlfield tag='001'>1342730</controlfield>
      <controlfield tag='005'>19940110175400.0</controlfield>
      <datafield ind1=' ' ind2=' ' tag='010'>
        <subfield code='a'>m  53001484</subfield>
      </datafield>
      <datafield ind1=' ' ind2=' ' tag='040'>
        <subfield code='a'>DLC</subfield>
        <subfield code='c'>DRB</subfield>
        <subfield code='d'>m.c.</subfield>
        <subfield code='d'>IUG</subfield>
        <subfield code='d'>NOC</subfield>
      </datafield>
      <datafield ind1='1' ind2=' ' tag='041'>
        <subfield code='a'>eng</subfield>
        <subfield code='h'>fre</subfield>
      </datafield>
      <datafield ind1='2' ind2=' ' tag='045'>
        <subfield code='b'>d1904</subfield>
        <subfield code='b'>d1909</subfield>
      </datafield>
      <datafield ind1='0' ind2=' ' tag='050'>
        <subfield code='a'>M1503.B649</subfield>
        <subfield code='b'>M33 1951</subfield>
      </datafield>
      <datafield ind1='1' ind2=' ' tag='100'>
        <subfield code='a'>Bloch, Ernest,</subfield>
        <subfield code='d'>1880-1959.</subfield>
      </datafield>
      <datafield ind1='1' ind2='0' tag='240'>
        <subfield code='a'>Macbeth (Opera).</subfield>
        <subfield code='s'>Vocal score.</subfield>
        <subfield code='l'>English</subfield>
      </datafield>
      <datafield ind1='1' ind2='0' tag='245'>
        <subfield code='a'>Macbeth;</subfield>
        <subfield code='b'>lyric drama in seven scenes (a prologue and three acts)</subfield>
        <subfield code='c'>Libretto by Edmond Fleg after Shakespeare. English version by Alex Cohen &amp; Ernest Bloch. Vocal score.</subfield>
      </datafield>
      <datafield ind1=' ' ind2=' ' tag='260'>
        <subfield code='a'>Milano,</subfield>
        <subfield code='b'>Edizioni Suvini Zerboni</subfield>
        <subfield code='c'>[c1951]</subfield>
      </datafield>
      <datafield ind1=' ' ind2=' ' tag='300'>
        <subfield code='a'>1 vocal score (348 p.)</subfield>
        <subfield code='b'>port.</subfield>
        <subfield code='c'>32 cm.</subfield>
      </datafield>
      <datafield ind1=' ' ind2='0' tag='650'>
        <subfield code='a'>Operas</subfield>
        <subfield code='v'>Vocal scores with piano.</subfield>
      </datafield>
      <datafield ind1='1' ind2=' ' tag='700'>
        <subfield code='a'>Fleg, Edmond,</subfield>
        <subfield code='d'>1874-1963.</subfield>
      </datafield>
      <datafield ind1='1' ind2=' ' tag='700'>
        <subfield code='a'>Shakespeare, William,</subfield>
        <subfield code='d'>1564-1616.</subfield>
        <subfield code='t'>Macbeth.</subfield>
      </datafield>
      <datafield ind1=' ' ind2=' ' tag='907'>
        <subfield code='a'>b2471263</subfield>
      </datafield>
      <datafield ind1='9' ind2='1' tag='999'>
        <subfield code='i'>i3553085</subfield>
        <subfield code='l'>mmda</subfield>
        <subfield code='s'>-</subfield>
        <subfield code='t'>45</subfield>
        <subfield code='c'>1</subfield>
        <subfield code='o'>3</subfield>
        <subfield code='b'>00011130689</subfield>
        <subfield code='p'>090##</subfield>
        <subfield code='q'>|aM1503.B649 M33 1951</subfield>
      </datafield>
      <datafield ind1='0' ind2='0' tag='999'>
        <subfield code='a'>2004-10-01 00:00:00-04</subfield>
        <subfield code='c'>2004-10-02 08:18:00-04</subfield>
        <subfield code='u'>2013-10-04 14:46:42-04</subfield>
      </datafield>
  </record>