
  <record>
    <leader>00000ccm  2200301Ia 4500</leader>
      <controlfield tag='008'>851112s1961    nyuopc   z     n    ita d</controlfield>
      <controlfield tag='001'>12783875</controlfield>
      <controlfield tag='005'>19940329194940.0</controlfield>
      <datafield ind1=' ' ind2=' ' tag='019'>
        <subfield code='a'>585989</subfield>
        <subfield code='a'>1445187</subfield>
        <subfield code='a'>3138512</subfield>
        <subfield code='a'>4821839</subfield>
        <subfield code='a'>14024317</subfield>
        <subfield code='a'>19727270</subfield>
      </datafield>
      <datafield ind1=' ' ind2=' ' tag='040'>
        <subfield code='a'>KSW</subfield>
        <subfield code='c'>KSW</subfield>
        <subfield code='d'>UCW</subfield>
        <subfield code='d'>OCL</subfield>
        <subfield code='d'>KLM</subfield>
        <subfield code='d'>m/c</subfield>
        <subfield code='d'>OCL</subfield>
        <subfield code='d'>NOC</subfield>
      </datafield>
      <datafield ind1='1' ind2=' ' tag='041'>
        <subfield code='a'>itaeng</subfield>
        <subfield code='h'>ita</subfield>
        <subfield code='e'>eng</subfield>
      </datafield>
      <datafield ind1='1' ind2=' ' tag='045'>
        <subfield code='a'>w4w6</subfield>
      </datafield>
      <datafield ind1='1' ind2=' ' tag='100'>
        <subfield code='a'>Verdi, Giuseppe,</subfield>
        <subfield code='d'>1813-1901.</subfield>
      </datafield>
      <datafield ind1='1' ind2='0' tag='240'>
        <subfield code='a'>Macbeth.</subfield>
        <subfield code='s'>Vocal score.</subfield>
        <subfield code='l'>English &amp; Italian</subfield>
      </datafield>
      <datafield ind1='1' ind2='0' tag='245'>
        <subfield code='a'>Macbeth :</subfield>
        <subfield code='b'>opera in four acts /</subfield>
        <subfield code='c'>music by Giuseppe Verdi ; libretto by Francesco Maria Piave and Andrea Maffei (based on Shakespeare&apos;s play) ; English version by Walter Ducloux.</subfield>
      </datafield>
      <datafield ind1=' ' ind2=' ' tag='260'>
        <subfield code='a'>New York :</subfield>
        <subfield code='b'>G. Schirmer,</subfield>
        <subfield code='c'>c1961.</subfield>
      </datafield>
      <datafield ind1=' ' ind2=' ' tag='300'>
        <subfield code='a'>1 vocal score (320 p.) ;</subfield>
        <subfield code='c'>28 cm.</subfield>
      </datafield>
      <datafield ind1=' ' ind2='0' tag='650'>
        <subfield code='a'>Operas</subfield>
        <subfield code='v'>Vocal scores with piano.</subfield>
      </datafield>
      <datafield ind1='1' ind2=' ' tag='700'>
        <subfield code='a'>Shakespeare, William,</subfield>
        <subfield code='d'>1564-1616.</subfield>
        <subfield code='t'>Macbeth.</subfield>
      </datafield>
      <datafield ind1='1' ind2=' ' tag='700'>
        <subfield code='a'>Piave, Francesco Maria,</subfield>
        <subfield code='d'>1810-1876.</subfield>
        <subfield code='t'>Macbeth.</subfield>
      </datafield>
      <datafield ind1='1' ind2=' ' tag='700'>
        <subfield code='a'>Maffei, Andrea,</subfield>
        <subfield code='d'>1798-1885.</subfield>
        <subfield code='t'>Macbeth.</subfield>
      </datafield>
      <datafield ind1='1' ind2=' ' tag='700'>
        <subfield code='a'>Ducloux, Walter.</subfield>
      </datafield>
      <datafield ind1=' ' ind2='0' tag='830'>
        <subfield code='a'>G. Schirmer opera score editions.</subfield>
      </datafield>
      <datafield ind1=' ' ind2=' ' tag='907'>
        <subfield code='a'>b2516966</subfield>
      </datafield>
      <datafield ind1='9' ind2='1' tag='999'>
        <subfield code='i'>i3620814</subfield>
        <subfield code='l'>mmda</subfield>
        <subfield code='s'>-</subfield>
        <subfield code='t'>45</subfield>
        <subfield code='c'>1</subfield>
        <subfield code='o'>41</subfield>
        <subfield code='b'>00011374513</subfield>
        <subfield code='p'>090##</subfield>
        <subfield code='q'>|aM1503.V484 M33 1961</subfield>
      </datafield>
      <datafield ind1='0' ind2='0' tag='999'>
        <subfield code='a'>2004-10-01 00:00:00-04</subfield>
        <subfield code='c'>2004-10-02 08:26:44-04</subfield>
        <subfield code='u'>2017-11-15 15:46:10-05</subfield>
      </datafield>
  </record>