
  <record>
    <leader>00000ccm  2200253I  4500</leader>
      <controlfield tag='008'>810606s1945    it opc         n    fre d</controlfield>
      <controlfield tag='001'>7482786</controlfield>
      <controlfield tag='005'>19940629140011.0</controlfield>
      <datafield ind1='2' ind2='0' tag='028'>
        <subfield code='a'>P. 622</subfield>
        <subfield code='b'>Suvini Zerboni</subfield>
      </datafield>
      <datafield ind1=' ' ind2=' ' tag='040'>
        <subfield code='a'>PLF</subfield>
        <subfield code='c'>PLF</subfield>
        <subfield code='d'>KLM</subfield>
        <subfield code='d'>NOC</subfield>
      </datafield>
      <datafield ind1='1' ind2=' ' tag='041'>
        <subfield code='a'>freita</subfield>
        <subfield code='h'>fre</subfield>
      </datafield>
      <datafield ind1=' ' ind2=' ' tag='045'>
        <subfield code='a'>x0x4</subfield>
      </datafield>
      <datafield ind1='1' ind2=' ' tag='100'>
        <subfield code='a'>Bloch, Ernest,</subfield>
        <subfield code='d'>1880-1959.</subfield>
      </datafield>
      <datafield ind1='0' ind2='0' tag='240'>
        <subfield code='a'>Macbeth (Opera).</subfield>
        <subfield code='s'>Vocal score.</subfield>
        <subfield code='l'>Italian &amp; French</subfield>
      </datafield>
      <datafield ind1='1' ind2='0' tag='245'>
        <subfield code='a'>Macbeth;</subfield>
        <subfield code='b'>drame lyrique en sept tableaux (un prologue et trois actes)</subfield>
        <subfield code='c'>poème de Edmond Fleg d&apos;après Shakespeare; version italienne de Mary Tibaldi Chiesa; partition piano et chant.</subfield>
      </datafield>
      <datafield ind1=' ' ind2=' ' tag='260'>
        <subfield code='a'>[Milano]</subfield>
        <subfield code='b'>Suvini Zerboni</subfield>
        <subfield code='c'>[c1945]</subfield>
      </datafield>
      <datafield ind1=' ' ind2=' ' tag='300'>
        <subfield code='a'>368 p.</subfield>
        <subfield code='c'>32 cm.</subfield>
      </datafield>
      <datafield ind1=' ' ind2=' ' tag='500'>
        <subfield code='a'>Pl. no.: P. 662.</subfield>
      </datafield>
      <datafield ind1=' ' ind2='0' tag='650'>
        <subfield code='a'>Operas</subfield>
        <subfield code='v'>Vocal scores with piano.</subfield>
      </datafield>
      <datafield ind1='1' ind2=' ' tag='700'>
        <subfield code='a'>Fleg, Edmond,</subfield>
        <subfield code='d'>1874-1963.</subfield>
      </datafield>
      <datafield ind1='1' ind2=' ' tag='700'>
        <subfield code='a'>Tibaldi Chiesa, Maria.</subfield>
      </datafield>
      <datafield ind1='1' ind2=' ' tag='700'>
        <subfield code='a'>Shakespeare, William,</subfield>
        <subfield code='d'>1564-1616.</subfield>
        <subfield code='t'>Macbeth.</subfield>
      </datafield>
      <datafield ind1=' ' ind2=' ' tag='907'>
        <subfield code='a'>b2597795</subfield>
      </datafield>
      <datafield ind1='9' ind2='1' tag='999'>
        <subfield code='i'>i3735268</subfield>
        <subfield code='l'>mmda</subfield>
        <subfield code='s'>-</subfield>
        <subfield code='t'>45</subfield>
        <subfield code='c'>1</subfield>
        <subfield code='o'>0</subfield>
        <subfield code='b'>00009818076</subfield>
        <subfield code='p'>090##</subfield>
        <subfield code='q'>|aM1503.B649 M35 1945</subfield>
      </datafield>
      <datafield ind1='0' ind2='0' tag='999'>
        <subfield code='a'>2004-10-01 00:00:00-04</subfield>
        <subfield code='c'>2004-10-02 09:31:00-04</subfield>
        <subfield code='u'>2017-11-15 15:46:09-05</subfield>
      </datafield>
  </record>