
  <record>
    <leader>00000cgm  2200445Ia 4500</leader>
      <controlfield tag='008'>920513p19911979nju150            vleng d</controlfield>
      <controlfield tag='007'>vf-cbahou</controlfield>
      <controlfield tag='001'>25806056</controlfield>
      <controlfield tag='003'>OCoLC</controlfield>
      <controlfield tag='005'>19950608100539.0</controlfield>
      <datafield ind1=' ' ind2=' ' tag='035'>
        <subfield code='a'>(OCoLC)25806056</subfield>
      </datafield>
      <datafield ind1=' ' ind2=' ' tag='040'>
        <subfield code='a'>NOR</subfield>
        <subfield code='c'>NOR</subfield>
        <subfield code='d'>OCL</subfield>
        <subfield code='d'>TTU</subfield>
      </datafield>
      <datafield ind1=' ' ind2=' ' tag='049'>
        <subfield code='a'>[Video-][cassette] NOC3</subfield>
        <subfield code='o'>anb</subfield>
      </datafield>
      <datafield ind1='0' ind2='0' tag='245'>
        <subfield code='a'>Macbeth</subfield>
        <subfield code='h'>[videocassette] /</subfield>
        <subfield code='c'>a production of Thames Television.</subfield>
      </datafield>
      <datafield ind1='3' ind2=' ' tag='246'>
        <subfield code='a'>MacBeth (Trevor Nunn)</subfield>
      </datafield>
      <datafield ind1=' ' ind2=' ' tag='260'>
        <subfield code='a'>Princeton, NJ :</subfield>
        <subfield code='b'>Films for the Humanities &amp; Sciences,</subfield>
        <subfield code='c'>1991.</subfield>
      </datafield>
      <datafield ind1=' ' ind2=' ' tag='300'>
        <subfield code='a'>2 videocassettes (150 min.) :</subfield>
        <subfield code='b'>sd., col. ;</subfield>
        <subfield code='c'>1/2 in.</subfield>
      </datafield>
      <datafield ind1=' ' ind2=' ' tag='500'>
        <subfield code='a'>Originally produced or released in 1979.</subfield>
      </datafield>
      <datafield ind1=' ' ind2=' ' tag='500'>
        <subfield code='a'>Run time: approx. 150 min.</subfield>
      </datafield>
      <datafield ind1=' ' ind2=' ' tag='500'>
        <subfield code='a'>Also known as A Performance of Macbeth by William Shakespeare.</subfield>
      </datafield>
      <datafield ind1=' ' ind2=' ' tag='508'>
        <subfield code='a'>Producer, Trevor Nunn ; director, Philip Casson ; music, Guy Wolfenden ; videotape editor, Fred Turner ; original theater production design, John Napier ; television design, Mike Hall.</subfield>
      </datafield>
      <datafield ind1='1' ind2=' ' tag='511'>
        <subfield code='a'>Ian McKellen, Judi Dench, John Woodvine, Bob Peck, Roger Rees, Griffith Jones, Duncan Preston, Marie Kean, Judith Harte, Susan Drury and members of The Royal Shakespeare Company.</subfield>
      </datafield>
      <datafield ind1=' ' ind2=' ' tag='520'>
        <subfield code='a'>A very fine adaptation of Shakespeare&apos;s violent tragedy.</subfield>
      </datafield>
      <datafield ind1=' ' ind2='7' tag='655'>
        <subfield code='a'>British literature</subfield>
        <subfield code='x'>Adaptations.</subfield>
        <subfield code='2'>local</subfield>
      </datafield>
      <datafield ind1=' ' ind2='7' tag='655'>
        <subfield code='a'>Drama.</subfield>
        <subfield code='2'>local</subfield>
      </datafield>
      <datafield ind1=' ' ind2='7' tag='655'>
        <subfield code='a'>Shakespeare On Film.</subfield>
        <subfield code='2'>local</subfield>
      </datafield>
      <datafield ind1=' ' ind2=' ' tag='691'>
        <subfield code='a'>UK.</subfield>
      </datafield>
      <datafield ind1='1' ind2=' ' tag='700'>
        <subfield code='a'>Casson, Philip.</subfield>
        <subfield code='4'>drt</subfield>
      </datafield>
      <datafield ind1='1' ind2=' ' tag='700'>
        <subfield code='a'>Shakespeare, William,</subfield>
        <subfield code='d'>1564-1616.</subfield>
        <subfield code='t'>Macbeth.</subfield>
      </datafield>
      <datafield ind1='2' ind2=' ' tag='710'>
        <subfield code='a'>Royal Shakespeare Company.</subfield>
      </datafield>
      <datafield ind1='2' ind2=' ' tag='710'>
        <subfield code='a'>Films for the Humanities (Firm)</subfield>
      </datafield>
      <datafield ind1='2' ind2=' ' tag='710'>
        <subfield code='a'>Thames Television, ltd.</subfield>
      </datafield>
      <datafield ind1='2' ind2=' ' tag='740'>
        <subfield code='a'>A performance of Macbeth by William Shakespeare.</subfield>
      </datafield>
      <datafield ind1=' ' ind2=' ' tag='907'>
        <subfield code='a'>b2647793</subfield>
      </datafield>
      <datafield ind1='9' ind2='1' tag='999'>
        <subfield code='i'>i3808280</subfield>
        <subfield code='l'>truls</subfield>
        <subfield code='s'>o</subfield>
        <subfield code='t'>57</subfield>
        <subfield code='c'>1</subfield>
        <subfield code='o'>17</subfield>
        <subfield code='b'>00006517101</subfield>
        <subfield code='p'>099#9</subfield>
        <subfield code='q'>|a65-V1504</subfield>
        <subfield code='v'>pt.1</subfield>
        <subfield code='n'>Ask at Media Resources Desk for assistance. Phone: (919)-962-2559. Email address: mrc@unc.edu</subfield>
      </datafield>
      <datafield ind1='9' ind2='1' tag='999'>
        <subfield code='i'>i3808281</subfield>
        <subfield code='l'>truls</subfield>
        <subfield code='s'>o</subfield>
        <subfield code='t'>57</subfield>
        <subfield code='c'>1</subfield>
        <subfield code='o'>15</subfield>
        <subfield code='b'>00006517094</subfield>
        <subfield code='p'>099#9</subfield>
        <subfield code='q'>|a65-V1504</subfield>
        <subfield code='v'>pt.2</subfield>
        <subfield code='n'>Ask at Media Resources Desk for assistance. Phone: (919)-962-2559. Email address: mrc@unc.edu</subfield>
      </datafield>
      <datafield ind1='9' ind2='1' tag='999'>
        <subfield code='i'>i3808283</subfield>
        <subfield code='l'>uldal</subfield>
        <subfield code='s'>o</subfield>
        <subfield code='t'>57</subfield>
        <subfield code='c'>2</subfield>
        <subfield code='o'>0</subfield>
        <subfield code='b'>00009738965</subfield>
        <subfield code='p'>099#9</subfield>
        <subfield code='q'>|a65-V1504</subfield>
        <subfield code='v'>pt.2</subfield>
      </datafield>
      <datafield ind1='9' ind2='1' tag='999'>
        <subfield code='i'>i3808282</subfield>
        <subfield code='l'>ulba</subfield>
        <subfield code='s'>o</subfield>
        <subfield code='t'>82</subfield>
        <subfield code='c'>2</subfield>
        <subfield code='o'>0</subfield>
        <subfield code='b'>00009738956</subfield>
        <subfield code='p'>099#9</subfield>
        <subfield code='q'>|a65-V1504</subfield>
        <subfield code='v'>pt.1</subfield>
      </datafield>
      <datafield ind1='0' ind2='0' tag='999'>
        <subfield code='a'>2004-10-01 00:00:00-04</subfield>
        <subfield code='c'>2004-10-02 09:37:00-04</subfield>
        <subfield code='u'>2017-03-15 14:15:08-04</subfield>
      </datafield>
  </record>