
  <record>
    <leader>00000cam a2200409Ia 4500</leader>
      <controlfield tag='008'>831004s1674    enk     c     000 0 eng d</controlfield>
      <controlfield tag='007'>hgraob---b---</controlfield>
      <controlfield tag='001'>9980075</controlfield>
      <controlfield tag='005'>19960229153354.0</controlfield>
      <datafield ind1=' ' ind2=' ' tag='035'>
        <subfield code='a'>2C</subfield>
      </datafield>
      <datafield ind1=' ' ind2=' ' tag='040'>
        <subfield code='a'>TCR</subfield>
        <subfield code='c'>TCR</subfield>
      </datafield>
      <datafield ind1='1' ind2=' ' tag='100'>
        <subfield code='a'>Duffett, Thomas.</subfield>
      </datafield>
      <datafield ind1='1' ind2='4' tag='245'>
        <subfield code='a'>The Empress of Morocco</subfield>
        <subfield code='h'>[microform] :</subfield>
        <subfield code='b'>a farce.</subfield>
      </datafield>
      <datafield ind1=' ' ind2=' ' tag='260'>
        <subfield code='a'>London :</subfield>
        <subfield code='b'>Printed for Simon Neal,</subfield>
        <subfield code='c'>1674.</subfield>
      </datafield>
      <datafield ind1=' ' ind2=' ' tag='300'>
        <subfield code='a'>[10], 39 p.</subfield>
      </datafield>
      <datafield ind1=' ' ind2=' ' tag='500'>
        <subfield code='a'>The Empress of Morocco is a burlesque of Settle&apos;s play of the same name, and the epilogue is a travesty of the witches&apos; scene in Shakespeare&apos;s Macbeth.</subfield>
      </datafield>
      <datafield ind1=' ' ind2=' ' tag='500'>
        <subfield code='a'>Written by Thomas Duffet; cf. Nicoll, A.  A hist. of Eng. drama, 1660-1900, 1961: v. 1, p. 407.</subfield>
      </datafield>
      <datafield ind1=' ' ind2=' ' tag='500'>
        <subfield code='a'>&quot;Acted by His Majesties servants.&quot;</subfield>
      </datafield>
      <datafield ind1=' ' ind2=' ' tag='500'>
        <subfield code='a'>Includes: An epilogue spoken by Heccate and three witches : according to the famous mode of Macbeth.</subfield>
      </datafield>
      <datafield ind1='4' ind2=' ' tag='510'>
        <subfield code='a'>Woodward &amp; McManaway</subfield>
        <subfield code='c'>495.</subfield>
      </datafield>
      <datafield ind1=' ' ind2=' ' tag='533'>
        <subfield code='a'>Microopaque.</subfield>
        <subfield code='b'>New York :</subfield>
        <subfield code='c'>Readex Microprint,</subfield>
        <subfield code='d'>1953.</subfield>
        <subfield code='e'>1 microopaque ; 23 x 15 cm.</subfield>
        <subfield code='f'>(Three centuries of drama.  English, 1642-1700)  (Three centuries of English and American plays, 1500-1830)</subfield>
      </datafield>
      <datafield ind1=' ' ind2=' ' tag='539'>
        <subfield code='a'>s</subfield>
        <subfield code='b'>1953</subfield>
        <subfield code='d'>nyu</subfield>
        <subfield code='e'>n</subfield>
      </datafield>
      <datafield ind1='1' ind2='0' tag='600'>
        <subfield code='a'>Settle, Elkanah,</subfield>
        <subfield code='d'>1648-1724.</subfield>
        <subfield code='t'>Empress of Morocco.</subfield>
      </datafield>
      <datafield ind1='1' ind2='0' tag='600'>
        <subfield code='a'>Settle, Elkanah,</subfield>
        <subfield code='d'>1648-1724</subfield>
        <subfield code='v'>Parodies, imitations, etc.</subfield>
      </datafield>
      <datafield ind1='1' ind2='0' tag='600'>
        <subfield code='a'>Shakespeare, William,</subfield>
        <subfield code='d'>1564-1616.</subfield>
        <subfield code='t'>Macbeth.</subfield>
      </datafield>
      <datafield ind1='1' ind2='0' tag='600'>
        <subfield code='a'>Shakespeare, William,</subfield>
        <subfield code='d'>1564-1616</subfield>
        <subfield code='v'>Parodies, imitations, etc.</subfield>
      </datafield>
      <datafield ind1='1' ind2=' ' tag='700'>
        <subfield code='a'>Duffett, Thomas.</subfield>
        <subfield code='t'>Epilogue spoken by Heccate and three witches.</subfield>
      </datafield>
      <datafield ind1='1' ind2=' ' tag='700'>
        <subfield code='a'>Settle, Elkanah,</subfield>
        <subfield code='d'>1648-1724.</subfield>
        <subfield code='t'>Empress of Morocco.</subfield>
      </datafield>
      <datafield ind1='1' ind2=' ' tag='700'>
        <subfield code='a'>Shakespeare, William,</subfield>
        <subfield code='d'>1564-1616.</subfield>
        <subfield code='t'>Macbeth.</subfield>
      </datafield>
      <datafield ind1='3' ind2=' ' tag='740'>
        <subfield code='a'>An epilogue spoken by Heccate and three witches.</subfield>
      </datafield>
      <datafield ind1=' ' ind2='0' tag='830'>
        <subfield code='a'>Three centuries of drama.</subfield>
        <subfield code='p'>English, 1642-1700.</subfield>
      </datafield>
      <datafield ind1=' ' ind2='0' tag='830'>
        <subfield code='a'>Three centuries of English and American plays, 1500-1830.</subfield>
      </datafield>
      <datafield ind1=' ' ind2=' ' tag='907'>
        <subfield code='a'>b2821176</subfield>
      </datafield>
      <datafield ind1='9' ind2='1' tag='999'>
        <subfield code='i'>i4049619</subfield>
        <subfield code='l'>dgdaf</subfield>
        <subfield code='s'>-</subfield>
        <subfield code='t'>26</subfield>
        <subfield code='c'>1</subfield>
        <subfield code='o'>0</subfield>
        <subfield code='b'>HAPB-7859-00001</subfield>
        <subfield code='p'>099#9</subfield>
        <subfield code='q'>|a1-10</subfield>
      </datafield>
      <datafield ind1='0' ind2='0' tag='999'>
        <subfield code='a'>2004-10-01 00:00:00-04</subfield>
        <subfield code='c'>2004-10-03 07:44:45-04</subfield>
        <subfield code='u'>2014-04-29 13:04:03-04</subfield>
      </datafield>
  </record>