
  <record>
    <leader>00000cam a2200289Ia 4500</leader>
      <controlfield tag='007'>hgraob---b---</controlfield>
      <controlfield tag='008'>820312s1868    nyuc    c     000 0 eng d</controlfield>
      <controlfield tag='001'>8240786</controlfield>
      <controlfield tag='005'>19960618160446.0</controlfield>
      <datafield ind1=' ' ind2=' ' tag='035'>
        <subfield code='a'>2C</subfield>
      </datafield>
      <datafield ind1=' ' ind2=' ' tag='040'>
        <subfield code='a'>EAD</subfield>
        <subfield code='c'>EAD</subfield>
      </datafield>
      <datafield ind1='1' ind2=' ' tag='100'>
        <subfield code='a'>Hinton, Henry L.,</subfield>
        <subfield code='d'>1840-1913.</subfield>
      </datafield>
      <datafield ind1='1' ind2='0' tag='245'>
        <subfield code='a'>Shakespeare&apos;s tragedy of Macbeth</subfield>
        <subfield code='h'>[microform] /</subfield>
        <subfield code='c'>as produced by Edwin Booth ; adapted from the text of the Cambridge editors, with introductory remarks, &amp;c., by Henry L. Hinton.</subfield>
      </datafield>
      <datafield ind1=' ' ind2=' ' tag='260'>
        <subfield code='a'>New York :</subfield>
        <subfield code='b'>H.L. Hinton,</subfield>
        <subfield code='c'>c1868.</subfield>
      </datafield>
      <datafield ind1=' ' ind2=' ' tag='300'>
        <subfield code='a'>xi, 77 p. :</subfield>
        <subfield code='b'>port.</subfield>
      </datafield>
      <datafield ind1=' ' ind2=' ' tag='533'>
        <subfield code='a'>Microopaque.</subfield>
        <subfield code='b'>New York :</subfield>
        <subfield code='c'>Readex Microprint,</subfield>
        <subfield code='d'>1970.</subfield>
        <subfield code='e'>1 microopaque ; 23 x 15 cm.</subfield>
        <subfield code='f'>(English and American drama of the nineteenth century. American)</subfield>
      </datafield>
      <datafield ind1=' ' ind2=' ' tag='539'>
        <subfield code='a'>s</subfield>
        <subfield code='b'>1970</subfield>
        <subfield code='d'>nyu</subfield>
        <subfield code='e'>n</subfield>
      </datafield>
      <datafield ind1='1' ind2=' ' tag='700'>
        <subfield code='a'>Shakespeare, William,</subfield>
        <subfield code='d'>1564-1616.</subfield>
        <subfield code='t'>Macbeth.</subfield>
      </datafield>
      <datafield ind1='1' ind2=' ' tag='700'>
        <subfield code='a'>Booth, Edwin,</subfield>
        <subfield code='d'>1833-1893.</subfield>
      </datafield>
      <datafield ind1=' ' ind2='0' tag='830'>
        <subfield code='a'>English and American drama of the nineteenth century.</subfield>
        <subfield code='p'>American.</subfield>
      </datafield>
      <datafield ind1=' ' ind2='0' tag='830'>
        <subfield code='a'>Booth&apos;s series of acting plays ;</subfield>
        <subfield code='v'>no. 2.</subfield>
      </datafield>
      <datafield ind1=' ' ind2=' ' tag='907'>
        <subfield code='a'>b2856396</subfield>
      </datafield>
      <datafield ind1='9' ind2='1' tag='999'>
        <subfield code='i'>i4094334</subfield>
        <subfield code='l'>dgdaf</subfield>
        <subfield code='s'>-</subfield>
        <subfield code='t'>26</subfield>
        <subfield code='c'>1</subfield>
        <subfield code='o'>0</subfield>
        <subfield code='b'>HATC-4034-00001</subfield>
        <subfield code='p'>099#9</subfield>
        <subfield code='q'>|a1-4 American.</subfield>
      </datafield>
      <datafield ind1='0' ind2='0' tag='999'>
        <subfield code='a'>2004-10-01 00:00:00-04</subfield>
        <subfield code='c'>2004-10-03 07:48:02-04</subfield>
        <subfield code='u'>2013-10-29 14:44:05-04</subfield>
      </datafield>
  </record>