
  <record>
    <leader>00000cam a2200313Ia 4500</leader>
      <controlfield tag='007'>hgraob---b---</controlfield>
      <controlfield tag='008'>820927s1807    enk     c     000 0 eng d</controlfield>
      <controlfield tag='001'>8810541</controlfield>
      <controlfield tag='005'>19960618160819.0</controlfield>
      <datafield ind1=' ' ind2=' ' tag='035'>
        <subfield code='a'>2C</subfield>
      </datafield>
      <datafield ind1=' ' ind2=' ' tag='040'>
        <subfield code='a'>EAD</subfield>
        <subfield code='c'>EAD</subfield>
      </datafield>
      <datafield ind1='1' ind2=' ' tag='100'>
        <subfield code='a'>Cross, J. C.</subfield>
        <subfield code='q'>(James Cartwright),</subfield>
        <subfield code='d'>-1809.</subfield>
      </datafield>
      <datafield ind1='1' ind2='4' tag='245'>
        <subfield code='a'>The history, murders, life, and death of Macbeth</subfield>
        <subfield code='h'>[microform]</subfield>
      </datafield>
      <datafield ind1=' ' ind2=' ' tag='260'>
        <subfield code='a'>London :</subfield>
        <subfield code='b'>Stevens,</subfield>
        <subfield code='c'>[1807?]</subfield>
      </datafield>
      <datafield ind1=' ' ind2=' ' tag='300'>
        <subfield code='a'>22 p.</subfield>
      </datafield>
      <datafield ind1=' ' ind2=' ' tag='500'>
        <subfield code='a'>Libretto only.</subfield>
      </datafield>
      <datafield ind1=' ' ind2=' ' tag='500'>
        <subfield code='a'>&quot;And a full description of the scenery, action, choruses, and characters of the ballet of music and action of that name...&quot;</subfield>
      </datafield>
      <datafield ind1=' ' ind2=' ' tag='500'>
        <subfield code='a'>&quot;With the occasional address, spoken by Mr. Elliston; and every information to slimplify the plot, and enable the visitors of the circus to comprehend this matchless piece of pantomimic and choral performance.&quot;</subfield>
      </datafield>
      <datafield ind1=' ' ind2=' ' tag='533'>
        <subfield code='a'>Microopaque.</subfield>
        <subfield code='b'>New York :</subfield>
        <subfield code='c'>Readex Microprint,</subfield>
        <subfield code='d'>1968.</subfield>
        <subfield code='e'>1 microopaque ; 23 x 15 cm.</subfield>
        <subfield code='f'>(English and American drama of the nineteenth century. English)</subfield>
      </datafield>
      <datafield ind1=' ' ind2=' ' tag='539'>
        <subfield code='a'>s</subfield>
        <subfield code='b'>1968</subfield>
        <subfield code='d'>nyu</subfield>
        <subfield code='e'>n</subfield>
      </datafield>
      <datafield ind1=' ' ind2='0' tag='650'>
        <subfield code='a'>Musicals</subfield>
        <subfield code='v'>Librettos.</subfield>
      </datafield>
      <datafield ind1='1' ind2=' ' tag='700'>
        <subfield code='a'>Shakespeare, William,</subfield>
        <subfield code='d'>1564-1616.</subfield>
        <subfield code='t'>Macbeth.</subfield>
      </datafield>
      <datafield ind1='0' ind2=' ' tag='740'>
        <subfield code='a'>Macbeth.</subfield>
      </datafield>
      <datafield ind1=' ' ind2='0' tag='830'>
        <subfield code='a'>English and American drama of the nineteenth century.</subfield>
        <subfield code='p'>English.</subfield>
      </datafield>
      <datafield ind1=' ' ind2=' ' tag='907'>
        <subfield code='a'>b2859932</subfield>
      </datafield>
      <datafield ind1='9' ind2='1' tag='999'>
        <subfield code='i'>i4097870</subfield>
        <subfield code='l'>dgdaf</subfield>
        <subfield code='s'>-</subfield>
        <subfield code='t'>26</subfield>
        <subfield code='c'>1</subfield>
        <subfield code='o'>0</subfield>
        <subfield code='b'>HATD-1115-00001</subfield>
        <subfield code='p'>099#9</subfield>
        <subfield code='q'>|a1-4 English.</subfield>
      </datafield>
      <datafield ind1='0' ind2='0' tag='999'>
        <subfield code='a'>2004-10-01 00:00:00-04</subfield>
        <subfield code='c'>2004-10-03 07:48:18-04</subfield>
        <subfield code='u'>2013-10-29 14:47:42-04</subfield>
      </datafield>
  </record>