
  <record>
    <leader>00000cam a2200301Ia 4500</leader>
      <controlfield tag='007'>hgraob---b---</controlfield>
      <controlfield tag='008'>830204r19711813nyu     c     000 0 eng d</controlfield>
      <controlfield tag='001'>9191956</controlfield>
      <controlfield tag='005'>19960618160842.0</controlfield>
      <datafield ind1=' ' ind2=' ' tag='035'>
        <subfield code='a'>2C</subfield>
      </datafield>
      <datafield ind1=' ' ind2=' ' tag='040'>
        <subfield code='a'>EAD</subfield>
        <subfield code='c'>EAD</subfield>
      </datafield>
      <datafield ind1='1' ind2=' ' tag='100'>
        <subfield code='a'>Talfourd, Francis,</subfield>
        <subfield code='d'>1828-1862.</subfield>
      </datafield>
      <datafield ind1='1' ind2='0' tag='245'>
        <subfield code='a'>Macbeth travestie</subfield>
        <subfield code='h'>[microform] :</subfield>
        <subfield code='b'>in three acts with burlesque annotations after the manner of Dr. Johnson, G. Stevens, and the various commentaries.</subfield>
      </datafield>
      <datafield ind1=' ' ind2=' ' tag='300'>
        <subfield code='a'>p. [65]-164.</subfield>
      </datafield>
      <datafield ind1=' ' ind2=' ' tag='500'>
        <subfield code='a'>Half title.</subfield>
      </datafield>
      <datafield ind1=' ' ind2=' ' tag='500'>
        <subfield code='a'>Attributed to Francis Talfourd.</subfield>
      </datafield>
      <datafield ind1=' ' ind2=' ' tag='500'>
        <subfield code='a'>In Accepted addresses, or, Praemium poetarum.  London : T. Tegg, 1813.</subfield>
      </datafield>
      <datafield ind1=' ' ind2=' ' tag='500'>
        <subfield code='a'>Includes titles of airs (popular and borrowed) to be sung.</subfield>
      </datafield>
      <datafield ind1=' ' ind2=' ' tag='533'>
        <subfield code='a'>Microopaque.</subfield>
        <subfield code='b'>New York :</subfield>
        <subfield code='c'>Readex Microprint,</subfield>
        <subfield code='d'>1971.</subfield>
        <subfield code='e'>2 microopaques ; 23 x 15 cm.</subfield>
        <subfield code='f'>(English and American drama of the nineteenth century. English)</subfield>
      </datafield>
      <datafield ind1='1' ind2='0' tag='600'>
        <subfield code='a'>Shakespeare, William,</subfield>
        <subfield code='d'>1564-1616</subfield>
        <subfield code='v'>Parodies, imitations, etc.</subfield>
      </datafield>
      <datafield ind1='1' ind2='0' tag='600'>
        <subfield code='a'>Shakespeare, William,</subfield>
        <subfield code='d'>1564-1616.</subfield>
        <subfield code='t'>Macbeth.</subfield>
      </datafield>
      <datafield ind1='1' ind2=' ' tag='700'>
        <subfield code='a'>Shakespeare, William,</subfield>
        <subfield code='d'>1564-1616.</subfield>
        <subfield code='t'>Macbeth.</subfield>
      </datafield>
      <datafield ind1=' ' ind2='0' tag='830'>
        <subfield code='a'>English and American drama of the nineteenth century.</subfield>
        <subfield code='p'>English.</subfield>
      </datafield>
      <datafield ind1=' ' ind2=' ' tag='907'>
        <subfield code='a'>b2860305</subfield>
      </datafield>
      <datafield ind1='9' ind2='1' tag='999'>
        <subfield code='i'>i4098243</subfield>
        <subfield code='l'>dgdaf</subfield>
        <subfield code='s'>-</subfield>
        <subfield code='t'>26</subfield>
        <subfield code='c'>1</subfield>
        <subfield code='o'>0</subfield>
        <subfield code='b'>HATD-1862-00001</subfield>
        <subfield code='p'>099#9</subfield>
        <subfield code='q'>|a1-4 English.</subfield>
      </datafield>
      <datafield ind1='0' ind2='0' tag='999'>
        <subfield code='a'>2004-10-01 00:00:00-04</subfield>
        <subfield code='c'>2004-10-03 07:48:20-04</subfield>
        <subfield code='u'>2013-10-29 14:40:17-04</subfield>
      </datafield>
  </record>