
  <record>
    <leader>00000cam  2200289 a 4500</leader>
      <controlfield tag='008'>930104s1995    ncua     b    000 0 eng  </controlfield>
      <controlfield tag='001'>32780792</controlfield>
      <controlfield tag='005'>19970505102541.0</controlfield>
      <datafield ind1=' ' ind2=' ' tag='010'>
        <subfield code='a'>92082007 //r96</subfield>
      </datafield>
      <datafield ind1=' ' ind2=' ' tag='020'>
        <subfield code='a'>1880994100</subfield>
      </datafield>
      <datafield ind1=' ' ind2=' ' tag='040'>
        <subfield code='a'>DLC</subfield>
        <subfield code='c'>DLC</subfield>
        <subfield code='d'>NOC</subfield>
      </datafield>
      <datafield ind1=' ' ind2=' ' tag='043'>
        <subfield code='a'>e-uk-st</subfield>
      </datafield>
      <datafield ind1='0' ind2='0' tag='050'>
        <subfield code='a'>PR2823</subfield>
        <subfield code='b'>.A25 1995</subfield>
      </datafield>
      <datafield ind1='1' ind2=' ' tag='100'>
        <subfield code='a'>Kennedy, Nancy Woodell,</subfield>
        <subfield code='d'>1943-</subfield>
      </datafield>
      <datafield ind1='1' ind2='0' tag='245'>
        <subfield code='a'>I know what you&apos;re saying! :</subfield>
        <subfield code='b'>this can&apos;t be Shakespeare /</subfield>
        <subfield code='c'>Nancy Woodell Kennedy.</subfield>
      </datafield>
      <datafield ind1=' ' ind2=' ' tag='260'>
        <subfield code='a'>Mount Olive, NC :</subfield>
        <subfield code='b'>Mount Olive College Press,</subfield>
        <subfield code='c'>c1995.</subfield>
      </datafield>
      <datafield ind1=' ' ind2=' ' tag='300'>
        <subfield code='a'>41 p. :</subfield>
        <subfield code='b'>ill. ;</subfield>
        <subfield code='c'>27 cm.</subfield>
      </datafield>
      <datafield ind1=' ' ind2=' ' tag='500'>
        <subfield code='a'>&quot;A paraphrase of Macbeth&quot;--Cover.</subfield>
      </datafield>
      <datafield ind1=' ' ind2=' ' tag='504'>
        <subfield code='a'>Includes bibliographical references.</subfield>
      </datafield>
      <datafield ind1='0' ind2='0' tag='600'>
        <subfield code='a'>Macbeth,</subfield>
        <subfield code='c'>King of Scotland,</subfield>
        <subfield code='d'>active 11th century</subfield>
        <subfield code='v'>Drama.</subfield>
      </datafield>
      <datafield ind1='1' ind2='0' tag='600'>
        <subfield code='a'>Shakespeare, William,</subfield>
        <subfield code='d'>1564-1616</subfield>
        <subfield code='v'>Adaptations.</subfield>
      </datafield>
      <datafield ind1='1' ind2=' ' tag='700'>
        <subfield code='a'>Shakespeare, William,</subfield>
        <subfield code='d'>1564-1616.</subfield>
        <subfield code='t'>Macbeth.</subfield>
      </datafield>
      <datafield ind1=' ' ind2=' ' tag='907'>
        <subfield code='a'>b3009328</subfield>
      </datafield>
      <datafield ind1='9' ind2='1' tag='999'>
        <subfield code='i'>i4279741</subfield>
        <subfield code='l'>wbda</subfield>
        <subfield code='s'>o</subfield>
        <subfield code='t'>0</subfield>
        <subfield code='c'>1</subfield>
        <subfield code='o'>0</subfield>
        <subfield code='b'>HAUZ-6578-00001</subfield>
        <subfield code='p'>099#9</subfield>
        <subfield code='q'>|aCpX K362i</subfield>
      </datafield>
      <datafield ind1='9' ind2='2' tag='999'>
        <subfield code='a'>c3190715</subfield>
        <subfield code='b'>wbda</subfield>
        <subfield code='c'>0</subfield>
      </datafield>
      <datafield ind1='9' ind2='3' tag='999'>
        <subfield code='0'>c3190715</subfield>
        <subfield code='2'>852</subfield>
        <subfield code='3'>c</subfield>
        <subfield code='b'>572121</subfield>
        <subfield code='h'>CpX</subfield>
        <subfield code='i'>K362i</subfield>
      </datafield>
      <datafield ind1='9' ind2='3' tag='999'>
        <subfield code='0'>c3190715</subfield>
        <subfield code='2'>852</subfield>
        <subfield code='3'>e</subfield>
        <subfield code='p'>HAUZ-6578-00001</subfield>
        <subfield code='t'>1</subfield>
      </datafield>
      <datafield ind1='0' ind2='0' tag='999'>
        <subfield code='a'>2004-10-01 00:00:00-04</subfield>
        <subfield code='c'>2004-10-04 09:32:58-04</subfield>
        <subfield code='u'>2013-10-08 09:40:52-04</subfield>
      </datafield>
  </record>