
  <record>
    <leader>00000cam  2200241Ia 4500</leader>
      <controlfield tag='008'>000215s1999    iluc          000 0 eng d</controlfield>
      <controlfield tag='001'>43462648</controlfield>
      <controlfield tag='005'>20000405122847.0</controlfield>
      <datafield ind1=' ' ind2=' ' tag='020'>
        <subfield code='a'>0871299488</subfield>
      </datafield>
      <datafield ind1=' ' ind2=' ' tag='040'>
        <subfield code='a'>VPI</subfield>
        <subfield code='c'>VPI</subfield>
        <subfield code='d'>NOC</subfield>
      </datafield>
      <datafield ind1='1' ind2=' ' tag='100'>
        <subfield code='a'>Charles, Nancy Linehan.</subfield>
      </datafield>
      <datafield ind1='1' ind2='0' tag='245'>
        <subfield code='a'>Macbeth :</subfield>
        <subfield code='b'>a kid&apos;s cautionary tale concerning greed, power, mayhem and other current events /</subfield>
        <subfield code='c'>adapted from Shakespeare by Nancy Linehan Charles.</subfield>
      </datafield>
      <datafield ind1=' ' ind2=' ' tag='260'>
        <subfield code='a'>Woodstock, Ill. :</subfield>
        <subfield code='b'>Dramatic Pub.,</subfield>
        <subfield code='c'>c1999.</subfield>
      </datafield>
      <datafield ind1=' ' ind2=' ' tag='300'>
        <subfield code='a'>52 p. :</subfield>
        <subfield code='b'>port. ;</subfield>
        <subfield code='c'>19 cm.</subfield>
      </datafield>
      <datafield ind1=' ' ind2=' ' tag='500'>
        <subfield code='a'>A play.</subfield>
      </datafield>
      <datafield ind1='0' ind2='0' tag='600'>
        <subfield code='a'>Macbeth,</subfield>
        <subfield code='c'>King of Scotland,</subfield>
        <subfield code='d'>active 11th century</subfield>
        <subfield code='v'>Drama.</subfield>
      </datafield>
      <datafield ind1='1' ind2=' ' tag='700'>
        <subfield code='a'>Shakespeare, William,</subfield>
        <subfield code='d'>1564-1616.</subfield>
        <subfield code='t'>Macbeth.</subfield>
      </datafield>
      <datafield ind1=' ' ind2=' ' tag='907'>
        <subfield code='a'>b3395690</subfield>
      </datafield>
      <datafield ind1='9' ind2='1' tag='999'>
        <subfield code='i'>i4817790</subfield>
        <subfield code='l'>ddda</subfield>
        <subfield code='s'>-</subfield>
        <subfield code='t'>0</subfield>
        <subfield code='c'>1</subfield>
        <subfield code='o'>2</subfield>
        <subfield code='b'>00017436516</subfield>
        <subfield code='p'>090##</subfield>
        <subfield code='q'>|aPS3553.H3229 M33 1999</subfield>
      </datafield>
      <datafield ind1='0' ind2='0' tag='999'>
        <subfield code='a'>2004-10-01 00:00:00-04</subfield>
        <subfield code='c'>2004-10-05 07:56:23-04</subfield>
        <subfield code='u'>2013-10-10 09:24:27-04</subfield>
      </datafield>
  </record>