
  <record>
    <leader>00000ccm a2200409Ia 4500</leader>
      <controlfield tag='008'>830520s1981    xr zza         n    zxx  </controlfield>
      <controlfield tag='001'>9528733</controlfield>
      <controlfield tag='005'>20000522152809.0</controlfield>
      <datafield ind1=' ' ind2=' ' tag='010'>
        <subfield code='a'>83752344 /M</subfield>
      </datafield>
      <datafield ind1=' ' ind2=' ' tag='019'>
        <subfield code='a'>9600682</subfield>
      </datafield>
      <datafield ind1='2' ind2='2' tag='028'>
        <subfield code='a'>H 6463</subfield>
        <subfield code='b'>Editio Supraphon</subfield>
      </datafield>
      <datafield ind1=' ' ind2=' ' tag='040'>
        <subfield code='a'>DLC</subfield>
        <subfield code='c'>AZU</subfield>
        <subfield code='d'>IUL</subfield>
        <subfield code='d'>OCL</subfield>
        <subfield code='d'>NOC</subfield>
      </datafield>
      <datafield ind1='0' ind2=' ' tag='041'>
        <subfield code='g'>czegereng</subfield>
      </datafield>
      <datafield ind1='0' ind2=' ' tag='045'>
        <subfield code='b'>d1859</subfield>
      </datafield>
      <datafield ind1=' ' ind2=' ' tag='048'>
        <subfield code='b'>ka01</subfield>
        <subfield code='a'>oa</subfield>
      </datafield>
      <datafield ind1='0' ind2=' ' tag='050'>
        <subfield code='a'>M1010.S65</subfield>
        <subfield code='b'>M3 1981</subfield>
      </datafield>
      <datafield ind1='1' ind2=' ' tag='100'>
        <subfield code='a'>Smetana, Bedřich,</subfield>
        <subfield code='d'>1824-1884.</subfield>
      </datafield>
      <datafield ind1='1' ind2='0' tag='240'>
        <subfield code='a'>Macbeth a čarodějnice</subfield>
      </datafield>
      <datafield ind1='1' ind2='0' tag='245'>
        <subfield code='a'>Macbeth a čarodějnice :</subfield>
        <subfield code='b'>symfonický obraz pro klavír a orchestr = Macbeth und die Hexen : symphonisches Bild für Klavier und Orchester = Macbeth and the witches : symphonic picture for piano and orchestra /</subfield>
        <subfield code='c'>Bedřich Smetana ; skladatelovu skicu zpracoval a doplnil Jarmil Burghauser.</subfield>
      </datafield>
      <datafield ind1='3' ind2=' ' tag='246'>
        <subfield code='a'>Macbeth and the witches</subfield>
      </datafield>
      <datafield ind1='3' ind2=' ' tag='246'>
        <subfield code='a'>Macbeth und die Hexen</subfield>
      </datafield>
      <datafield ind1=' ' ind2=' ' tag='254'>
        <subfield code='a'>Partitura.</subfield>
      </datafield>
      <datafield ind1=' ' ind2=' ' tag='260'>
        <subfield code='a'>Praha :</subfield>
        <subfield code='b'>Editio Supraphon,</subfield>
        <subfield code='c'>1981.</subfield>
      </datafield>
      <datafield ind1=' ' ind2=' ' tag='300'>
        <subfield code='a'>1 score (v, 71 p.) + 1 part (20 p.) ;</subfield>
        <subfield code='c'>31 cm.</subfield>
      </datafield>
      <datafield ind1=' ' ind2=' ' tag='500'>
        <subfield code='a'>Adapted and completed from the composer&apos;s sketch.</subfield>
      </datafield>
      <datafield ind1=' ' ind2=' ' tag='500'>
        <subfield code='a'>Part for solo piano with orchestral cues.</subfield>
      </datafield>
      <datafield ind1=' ' ind2=' ' tag='500'>
        <subfield code='a'>Pref. in Czech, German and English.</subfield>
      </datafield>
      <datafield ind1=' ' ind2=' ' tag='500'>
        <subfield code='a'>Duration: ca. 15:00.</subfield>
      </datafield>
      <datafield ind1=' ' ind2='0' tag='650'>
        <subfield code='a'>Piano with orchestra</subfield>
        <subfield code='v'>Scores and parts (solo)</subfield>
      </datafield>
      <datafield ind1='1' ind2=' ' tag='700'>
        <subfield code='a'>Burghauser, Jarmil,</subfield>
        <subfield code='d'>1921-1997.</subfield>
      </datafield>
      <datafield ind1='1' ind2=' ' tag='700'>
        <subfield code='a'>Shakespeare, William,</subfield>
        <subfield code='d'>1564-1616.</subfield>
        <subfield code='t'>Macbeth.</subfield>
      </datafield>
      <datafield ind1=' ' ind2=' ' tag='907'>
        <subfield code='a'>b3499698</subfield>
      </datafield>
      <datafield ind1='9' ind2='1' tag='999'>
        <subfield code='i'>i4926921</subfield>
        <subfield code='l'>mmda</subfield>
        <subfield code='s'>-</subfield>
        <subfield code='t'>45</subfield>
        <subfield code='c'>1</subfield>
        <subfield code='o'>0</subfield>
        <subfield code='b'>HAZX-5279-00001</subfield>
        <subfield code='p'>090##</subfield>
        <subfield code='q'>|aM1010.S65 M3 1981</subfield>
      </datafield>
      <datafield ind1='0' ind2='0' tag='999'>
        <subfield code='a'>2004-10-01 00:00:00-04</subfield>
        <subfield code='c'>2004-10-05 08:15:02-04</subfield>
        <subfield code='u'>2017-11-15 15:46:10-05</subfield>
      </datafield>
  </record>