
  <record>
    <leader>00000cgm  2200481Ia 4500</leader>
      <controlfield tag='008'>930311p19921987enk134            vlita d</controlfield>
      <controlfield tag='007'>vd cgaizu</controlfield>
      <controlfield tag='001'>27717034</controlfield>
      <controlfield tag='005'>20000621133517.0</controlfield>
      <datafield ind1='4' ind2='1' tag='028'>
        <subfield code='a'>071 522-1</subfield>
        <subfield code='b'>London</subfield>
      </datafield>
      <datafield ind1='4' ind2='3' tag='028'>
        <subfield code='a'>071 832-1--071 833-1</subfield>
        <subfield code='b'>London</subfield>
      </datafield>
      <datafield ind1=' ' ind2=' ' tag='040'>
        <subfield code='a'>WCM</subfield>
        <subfield code='c'>WCM</subfield>
        <subfield code='d'>NOC</subfield>
      </datafield>
      <datafield ind1=' ' ind2=' ' tag='041'>
        <subfield code='a'>ita</subfield>
        <subfield code='b'>eng</subfield>
        <subfield code='g'>engfre</subfield>
      </datafield>
      <datafield ind1='0' ind2='0' tag='245'>
        <subfield code='a'>Macbeth :</subfield>
        <subfield code='b'>melodramma in quattro atti di F.M. Piave tratto dalla tragedia di Shakespeare /</subfield>
        <subfield code='c'>Giuseppe Verdi.</subfield>
      </datafield>
      <datafield ind1=' ' ind2=' ' tag='260'>
        <subfield code='a'>London :</subfield>
        <subfield code='b'>London,</subfield>
        <subfield code='c'>p1992.</subfield>
      </datafield>
      <datafield ind1=' ' ind2=' ' tag='300'>
        <subfield code='a'>2 videodiscs (134 min.) :</subfield>
        <subfield code='b'>sd., col. ;</subfield>
        <subfield code='c'>12 in.</subfield>
      </datafield>
      <datafield ind1=' ' ind2=' ' tag='500'>
        <subfield code='a'>Opera in four acts.</subfield>
      </datafield>
      <datafield ind1=' ' ind2=' ' tag='500'>
        <subfield code='a'>Libretto by Francesco Maria Piave after the play by William Shakespeare.</subfield>
      </datafield>
      <datafield ind1=' ' ind2=' ' tag='500'>
        <subfield code='a'>Videodisc release of the 1987 Unitel film production.</subfield>
      </datafield>
      <datafield ind1=' ' ind2=' ' tag='500'>
        <subfield code='a'>Program notes and synopsis in English and French ([12] p. : ill.) in container.</subfield>
      </datafield>
      <datafield ind1=' ' ind2=' ' tag='500'>
        <subfield code='a'>London: 071 522-1 (071 832-1--071 833-1).</subfield>
      </datafield>
      <datafield ind1=' ' ind2=' ' tag='508'>
        <subfield code='a'>Adapted and directed by Claude d&apos;Anna.</subfield>
      </datafield>
      <datafield ind1='0' ind2=' ' tag='511'>
        <subfield code='a'>Macbeth, Leo Nucci ; Banco, sung by Samuel Ramey, played by Johan Leysen ; Lady Macbeth, Shirley Verrett ; Macduff, sung by Veriano Luchetti, played by Philippe Volter ; Malcolm, Antonio Barasorda ; other soloists ; Orchestra e Coro del Teatro Comunale di Bologna ; Riccardo Chailly, conductor.</subfield>
      </datafield>
      <datafield ind1=' ' ind2=' ' tag='518'>
        <subfield code='a'>Filmed on location at the fortified castle of Godefroy de Bouillon in the Ardennes, Belgium.</subfield>
      </datafield>
      <datafield ind1=' ' ind2=' ' tag='538'>
        <subfield code='a'>Extended play CLV.</subfield>
      </datafield>
      <datafield ind1=' ' ind2=' ' tag='546'>
        <subfield code='a'>In Italian with English subtitles.</subfield>
      </datafield>
      <datafield ind1=' ' ind2='7' tag='655'>
        <subfield code='a'>Operas.</subfield>
        <subfield code='2'>lcgft</subfield>
      </datafield>
      <datafield ind1='1' ind2=' ' tag='700'>
        <subfield code='a'>Piave, Francesco Maria,</subfield>
        <subfield code='d'>1810-1876.</subfield>
        <subfield code='4'>lbt</subfield>
      </datafield>
      <datafield ind1='1' ind2=' ' tag='700'>
        <subfield code='a'>Nucci, Leo.</subfield>
        <subfield code='4'>prf</subfield>
      </datafield>
      <datafield ind1='1' ind2=' ' tag='700'>
        <subfield code='a'>Verrett, Shirley.</subfield>
        <subfield code='4'>prf</subfield>
      </datafield>
      <datafield ind1='1' ind2=' ' tag='700'>
        <subfield code='a'>Ramey, Samuel.</subfield>
        <subfield code='4'>prf</subfield>
      </datafield>
      <datafield ind1='1' ind2=' ' tag='700'>
        <subfield code='a'>Luchetti, Veriano.</subfield>
        <subfield code='4'>prf</subfield>
      </datafield>
      <datafield ind1='1' ind2=' ' tag='700'>
        <subfield code='a'>Barasorda, Antonio.</subfield>
        <subfield code='4'>prf</subfield>
      </datafield>
      <datafield ind1='1' ind2=' ' tag='700'>
        <subfield code='a'>Chailly, Riccardo,</subfield>
        <subfield code='d'>1953-</subfield>
        <subfield code='4'>cnd</subfield>
      </datafield>
      <datafield ind1='1' ind2=' ' tag='700'>
        <subfield code='a'>Anna, Claude d&apos;.</subfield>
        <subfield code='4'>drt</subfield>
      </datafield>
      <datafield ind1='1' ind2=' ' tag='700'>
        <subfield code='a'>Shakespeare, William,</subfield>
        <subfield code='d'>1564-1616.</subfield>
        <subfield code='t'>Macbeth.</subfield>
      </datafield>
      <datafield ind1='1' ind2=' ' tag='700'>
        <subfield code='a'>Verdi, Giuseppe,</subfield>
        <subfield code='d'>1813-1901.</subfield>
        <subfield code='t'>Macbeth.</subfield>
      </datafield>
      <datafield ind1='2' ind2=' ' tag='710'>
        <subfield code='a'>Teatro comunale (Bologna, Italy)</subfield>
        <subfield code='4'>prf</subfield>
      </datafield>
      <datafield ind1=' ' ind2=' ' tag='907'>
        <subfield code='a'>b3519365</subfield>
      </datafield>
      <datafield ind1='9' ind2='1' tag='999'>
        <subfield code='i'>i4949529</subfield>
        <subfield code='l'>mmdd</subfield>
        <subfield code='s'>-</subfield>
        <subfield code='t'>58</subfield>
        <subfield code='c'>1</subfield>
        <subfield code='o'>28</subfield>
        <subfield code='b'>10001804834</subfield>
        <subfield code='p'>099#9</subfield>
        <subfield code='q'>|aVD-153</subfield>
      </datafield>
      <datafield ind1='0' ind2='0' tag='999'>
        <subfield code='a'>2004-10-01 00:00:00-04</subfield>
        <subfield code='c'>2004-10-05 08:16:55-04</subfield>
        <subfield code='u'>2017-11-15 15:02:22-05</subfield>
      </datafield>
  </record>