
  <record>
    <leader>00000cgm a2200529Ia 4500</leader>
      <controlfield tag='008'>010108r20001982nyu148            vleng d</controlfield>
      <controlfield tag='007'>vd cvaizq</controlfield>
      <controlfield tag='001'>45671764</controlfield>
      <controlfield tag='005'>20010308153649.0</controlfield>
      <datafield ind1=' ' ind2=' ' tag='040'>
        <subfield code='a'>CUY</subfield>
        <subfield code='c'>CUY</subfield>
        <subfield code='d'>NOC</subfield>
      </datafield>
      <datafield ind1='0' ind2='0' tag='245'>
        <subfield code='a'>Macbeth</subfield>
        <subfield code='h'>[videorecording] /</subfield>
        <subfield code='c'>by William Shakespeare ; presented by the British Broadcasting Corporation.</subfield>
      </datafield>
      <datafield ind1=' ' ind2=' ' tag='250'>
        <subfield code='a'>Digitally remastered version.</subfield>
      </datafield>
      <datafield ind1=' ' ind2=' ' tag='260'>
        <subfield code='a'>New York, N.Y. :</subfield>
        <subfield code='b'>Ambrose Video Publishing [distributor],</subfield>
        <subfield code='c'>[2000?]</subfield>
      </datafield>
      <datafield ind1=' ' ind2=' ' tag='300'>
        <subfield code='a'>1 videodisc (148 min.) :</subfield>
        <subfield code='b'>sd., col. ;</subfield>
        <subfield code='c'>4 3/4 in.</subfield>
      </datafield>
      <datafield ind1=' ' ind2=' ' tag='500'>
        <subfield code='a'>Originally produced or released in 1983.</subfield>
      </datafield>
      <datafield ind1=' ' ind2=' ' tag='500'>
        <subfield code='a'>Run time: approx. 148 min.</subfield>
      </datafield>
      <datafield ind1=' ' ind2=' ' tag='500'>
        <subfield code='a'>Special features: Picture and sound enhanced ; PC/Mac downloadable scripts ; scene selection.</subfield>
      </datafield>
      <datafield ind1=' ' ind2=' ' tag='508'>
        <subfield code='a'>Producer, Shaun Sutton ; director, Jack Gold.</subfield>
      </datafield>
      <datafield ind1='0' ind2=' ' tag='511'>
        <subfield code='a'>Cast: Nicol Williamson, Jane Lapotaire, Ian Hogg, Tony Doyle.</subfield>
      </datafield>
      <datafield ind1=' ' ind2=' ' tag='520'>
        <subfield code='a'>Nicol Williamson is MacBeth and Jane Lapotaire Lady MacBeth in this BBC production of Shakespeare&apos;s tragic masterpiece.  Williamson and Lapotaire make MacBeth and his lady an decidedly eccentric, neurotic pair.  Williamson brings his trademark almost whimsically unusual line readings to the role, while Lapotaire&apos;s Lady MacBeth is played with moments that almost seem like orgiastic parody.   Mark Dignam is Duncan, James Hazeldine is Malcolm, Jon Rowe is Lennox, Gawn Grainger is Ross, Ian Hogg as Banquo.  Also With:  Brenda Bruce as the first witch, Eileen Way as the second witch, Anne Dyson as the third witch, Gordon Kane as First Messenger, James Bolam as Porter, Christopher Ellison as a captain, Tom Bowles as Donalbain, Jill Baker as Lady MacDuff, and Crispin Mair as MacDuff&apos;s son.  Notes:  Produced by Shaun Sutton.  Literary Consultant, Dr. John Wilders.  Original music by Carl Davis.  Edited by Stan Pow.  On VHS and DVD.</subfield>
      </datafield>
      <datafield ind1=' ' ind2=' ' tag='538'>
        <subfield code='a'>DVD.</subfield>
      </datafield>
      <datafield ind1='1' ind2='0' tag='600'>
        <subfield code='a'>Shakespeare, William,</subfield>
        <subfield code='d'>1564-1616</subfield>
        <subfield code='v'>Film adaptations.</subfield>
      </datafield>
      <datafield ind1=' ' ind2='7' tag='655'>
        <subfield code='a'>British literature</subfield>
        <subfield code='x'>Adaptations.</subfield>
        <subfield code='2'>local</subfield>
      </datafield>
      <datafield ind1=' ' ind2='7' tag='655'>
        <subfield code='a'>Drama.</subfield>
        <subfield code='2'>local</subfield>
      </datafield>
      <datafield ind1=' ' ind2='7' tag='655'>
        <subfield code='a'>Shakespeare On Film.</subfield>
        <subfield code='2'>local</subfield>
      </datafield>
      <datafield ind1=' ' ind2='7' tag='655'>
        <subfield code='a'>Theater - Plays.</subfield>
        <subfield code='2'>local</subfield>
      </datafield>
      <datafield ind1=' ' ind2=' ' tag='691'>
        <subfield code='a'>UK.</subfield>
      </datafield>
      <datafield ind1='1' ind2=' ' tag='700'>
        <subfield code='a'>Sutton, Shaun.</subfield>
      </datafield>
      <datafield ind1='1' ind2=' ' tag='700'>
        <subfield code='a'>Gold, Jack,</subfield>
        <subfield code='d'>1930-2015.</subfield>
      </datafield>
      <datafield ind1='1' ind2=' ' tag='700'>
        <subfield code='a'>Williamson, Nicol.</subfield>
      </datafield>
      <datafield ind1='1' ind2=' ' tag='700'>
        <subfield code='a'>Lapotaire, Jane.</subfield>
      </datafield>
      <datafield ind1='1' ind2=' ' tag='700'>
        <subfield code='a'>Hogg, Ian.</subfield>
      </datafield>
      <datafield ind1='1' ind2=' ' tag='700'>
        <subfield code='a'>Doyle, Tony.</subfield>
      </datafield>
      <datafield ind1='1' ind2=' ' tag='700'>
        <subfield code='a'>Shakespeare, William,</subfield>
        <subfield code='d'>1564-1616.</subfield>
        <subfield code='t'>Macbeth.</subfield>
      </datafield>
      <datafield ind1='2' ind2=' ' tag='710'>
        <subfield code='a'>British Broadcasting Corporation.</subfield>
      </datafield>
      <datafield ind1='2' ind2=' ' tag='710'>
        <subfield code='a'>British Broadcasting Corporation.</subfield>
        <subfield code='b'>Television Service.</subfield>
      </datafield>
      <datafield ind1='2' ind2=' ' tag='710'>
        <subfield code='a'>Time-Life Television.</subfield>
      </datafield>
      <datafield ind1='2' ind2=' ' tag='710'>
        <subfield code='a'>Ambrose Video Publishing.</subfield>
      </datafield>
      <datafield ind1='1' ind2=' ' tag='800'>
        <subfield code='a'>Shakespeare, William,</subfield>
        <subfield code='d'>1564-1616.</subfield>
        <subfield code='t'>Works.</subfield>
        <subfield code='f'>1987.</subfield>
        <subfield code='s'>Ambrose Video.</subfield>
      </datafield>
      <datafield ind1=' ' ind2=' ' tag='907'>
        <subfield code='a'>b3780851</subfield>
      </datafield>
      <datafield ind1='9' ind2='1' tag='999'>
        <subfield code='i'>i8543426</subfield>
        <subfield code='l'>uldag</subfield>
        <subfield code='s'>-</subfield>
        <subfield code='t'>60</subfield>
        <subfield code='c'>2</subfield>
        <subfield code='o'>3</subfield>
        <subfield code='b'>00039231429</subfield>
        <subfield code='p'>099#9</subfield>
        <subfield code='q'>|a65-DVD528</subfield>
      </datafield>
      <datafield ind1='9' ind2='1' tag='999'>
        <subfield code='i'>i5252788</subfield>
        <subfield code='l'>uldal</subfield>
        <subfield code='s'>o</subfield>
        <subfield code='t'>60</subfield>
        <subfield code='c'>1</subfield>
        <subfield code='o'>5</subfield>
        <subfield code='b'>00015394716</subfield>
        <subfield code='p'>099#9</subfield>
        <subfield code='q'>|a65-DVD528</subfield>
      </datafield>
      <datafield ind1='0' ind2='0' tag='999'>
        <subfield code='a'>2004-10-01 00:00:00-04</subfield>
        <subfield code='c'>2004-10-06 10:12:00-04</subfield>
        <subfield code='u'>2017-01-21 16:11:50-05</subfield>
      </datafield>
  </record>