
  <record>
    <leader>00000cam  2200229Ii 4500</leader>
      <controlfield tag='008'>790530q19601969enk           000 0 eng d</controlfield>
      <controlfield tag='001'>5018577</controlfield>
      <controlfield tag='005'>20020906135318.0</controlfield>
      <datafield ind1=' ' ind2=' ' tag='040'>
        <subfield code='a'>IRU</subfield>
        <subfield code='c'>IRU</subfield>
        <subfield code='d'>OCLCQ</subfield>
        <subfield code='d'>NOC</subfield>
      </datafield>
      <datafield ind1='1' ind2=' ' tag='100'>
        <subfield code='a'>Carrington, Norman T.</subfield>
        <subfield code='q'>(Norman Thomas)</subfield>
      </datafield>
      <datafield ind1='1' ind2='0' tag='245'>
        <subfield code='a'>Shakespeare, Macbeth /</subfield>
        <subfield code='c'>by Norman T. Carrington.</subfield>
      </datafield>
      <datafield ind1=' ' ind2=' ' tag='260'>
        <subfield code='a'>Bath, [Eng.] :</subfield>
        <subfield code='b'>Brodie,</subfield>
        <subfield code='c'>[196-]</subfield>
      </datafield>
      <datafield ind1=' ' ind2=' ' tag='300'>
        <subfield code='a'>72 p. :</subfield>
        <subfield code='b'>ill. ;</subfield>
        <subfield code='c'>18 cm.</subfield>
      </datafield>
      <datafield ind1='1' ind2='0' tag='600'>
        <subfield code='a'>Shakespeare, William,</subfield>
        <subfield code='d'>1564-1616.</subfield>
        <subfield code='t'>Macbeth.</subfield>
      </datafield>
      <datafield ind1='1' ind2=' ' tag='700'>
        <subfield code='a'>Shakespeare, William,</subfield>
        <subfield code='d'>1564-1616.</subfield>
        <subfield code='t'>Macbeth.</subfield>
      </datafield>
      <datafield ind1=' ' ind2='0' tag='830'>
        <subfield code='a'>Notes on chosen English texts.</subfield>
      </datafield>
      <datafield ind1=' ' ind2=' ' tag='907'>
        <subfield code='a'>b4185091</subfield>
      </datafield>
      <datafield ind1='9' ind2='1' tag='999'>
        <subfield code='i'>i5737140</subfield>
        <subfield code='l'>ddda</subfield>
        <subfield code='s'>-</subfield>
        <subfield code='t'>0</subfield>
        <subfield code='c'>1</subfield>
        <subfield code='o'>7</subfield>
        <subfield code='b'>10000365828</subfield>
        <subfield code='p'>090##</subfield>
        <subfield code='q'>|aPR2823 .C37</subfield>
      </datafield>
      <datafield ind1='0' ind2='0' tag='999'>
        <subfield code='a'>2004-10-01 00:00:00-04</subfield>
        <subfield code='c'>2004-10-06 23:19:39-04</subfield>
        <subfield code='u'>2013-10-23 18:04:52-04</subfield>
      </datafield>
  </record>