
  <record>
    <leader>00000cam  2200181Ia 4500</leader>
      <controlfield tag='008'>021023s1902    enk           001 0 eng d</controlfield>
      <controlfield tag='001'>50845619</controlfield>
      <controlfield tag='005'>20021023110509.0</controlfield>
      <datafield ind1=' ' ind2=' ' tag='040'>
        <subfield code='a'>NOC</subfield>
        <subfield code='c'>NOC</subfield>
      </datafield>
      <datafield ind1='1' ind2=' ' tag='100'>
        <subfield code='a'>Barnett, T. Duff</subfield>
        <subfield code='q'>(Thomas Duff)</subfield>
      </datafield>
      <datafield ind1='1' ind2='0' tag='245'>
        <subfield code='a'>Notes on Shakespeare&apos;s play of Macbeth /</subfield>
        <subfield code='c'>by T. Duff Barnett.</subfield>
      </datafield>
      <datafield ind1=' ' ind2=' ' tag='260'>
        <subfield code='a'>London :</subfield>
        <subfield code='b'>George Bell and Sons,</subfield>
        <subfield code='c'>1902.</subfield>
      </datafield>
      <datafield ind1=' ' ind2=' ' tag='300'>
        <subfield code='a'>72 p. ;</subfield>
        <subfield code='c'>19 cm.</subfield>
      </datafield>
      <datafield ind1=' ' ind2=' ' tag='500'>
        <subfield code='a'>Includes index.</subfield>
      </datafield>
      <datafield ind1='1' ind2=' ' tag='700'>
        <subfield code='a'>Shakespeare, William,</subfield>
        <subfield code='d'>1564-1616.</subfield>
        <subfield code='t'>Macbeth.</subfield>
      </datafield>
      <datafield ind1=' ' ind2=' ' tag='907'>
        <subfield code='a'>b4200429</subfield>
      </datafield>
      <datafield ind1='9' ind2='1' tag='999'>
        <subfield code='i'>i5756224</subfield>
        <subfield code='l'>ddda</subfield>
        <subfield code='s'>-</subfield>
        <subfield code='t'>0</subfield>
        <subfield code='c'>1</subfield>
        <subfield code='o'>5</subfield>
        <subfield code='b'>10000676742</subfield>
        <subfield code='p'>090##</subfield>
        <subfield code='q'>|aPR2823 .B37</subfield>
        <subfield code='n'>3rd impr.</subfield>
      </datafield>
      <datafield ind1='0' ind2='0' tag='999'>
        <subfield code='a'>2004-10-01 00:00:00-04</subfield>
        <subfield code='c'>2004-10-06 23:22:36-04</subfield>
        <subfield code='u'>2013-10-23 18:39:21-04</subfield>
      </datafield>
  </record>