
  <record>
    <leader>00000cgm a2200589Ia 4500</leader>
      <controlfield tag='008'>021016p20022001xxu104 g          vleng d</controlfield>
      <controlfield tag='007'>vd cvaizq</controlfield>
      <controlfield tag='001'>50794254</controlfield>
      <controlfield tag='005'>20021105211928.0</controlfield>
      <datafield ind1=' ' ind2=' ' tag='020'>
        <subfield code='a'>1931669783</subfield>
      </datafield>
      <datafield ind1='1' ind2='0' tag='024'>
        <subfield code='a'>758445900224</subfield>
      </datafield>
      <datafield ind1='4' ind2='2' tag='028'>
        <subfield code='a'>SHO9002</subfield>
        <subfield code='b'>Sundance Channel Home Entertainment</subfield>
      </datafield>
      <datafield ind1=' ' ind2=' ' tag='040'>
        <subfield code='a'>JFN</subfield>
        <subfield code='c'>JFN</subfield>
        <subfield code='d'>TEF</subfield>
        <subfield code='d'>JED</subfield>
        <subfield code='d'>NOC</subfield>
      </datafield>
      <datafield ind1='0' ind2='4' tag='082'>
        <subfield code='a'>791.43/72</subfield>
      </datafield>
      <datafield ind1='0' ind2='0' tag='245'>
        <subfield code='a'>Scotland, Pa.</subfield>
        <subfield code='h'>[videorecording] /</subfield>
        <subfield code='c'>Abandon Pictures presents in association with Veto Chip Productions and Paddy Wagon Productions ; produced by Richard Shepard, Jonathan Stein ; written and directed by Billy Morrissette.</subfield>
      </datafield>
      <datafield ind1=' ' ind2=' ' tag='260'>
        <subfield code='a'>[United States] :</subfield>
        <subfield code='b'>Sundance Channel Home Entertainment :</subfield>
        <subfield code='b'>Showtime Entertainment,</subfield>
        <subfield code='c'>c2002.</subfield>
      </datafield>
      <datafield ind1=' ' ind2=' ' tag='300'>
        <subfield code='a'>1 videodisc (104 min.) :</subfield>
        <subfield code='b'>sd., col. ;</subfield>
        <subfield code='c'>4 3/4 in.</subfield>
      </datafield>
      <datafield ind1=' ' ind2=' ' tag='500'>
        <subfield code='a'>Originally produced or released in 2002.</subfield>
      </datafield>
      <datafield ind1=' ' ind2=' ' tag='500'>
        <subfield code='a'>Based on Macbeth.</subfield>
      </datafield>
      <datafield ind1=' ' ind2=' ' tag='500'>
        <subfield code='a'>Special features: Director interview and commentary, insider&apos;s guide to Scotland, PA, bonus tracks.</subfield>
      </datafield>
      <datafield ind1=' ' ind2=' ' tag='500'>
        <subfield code='a'>Run time: approx. 104 min.</subfield>
      </datafield>
      <datafield ind1=' ' ind2=' ' tag='508'>
        <subfield code='a'>Co-executive producers, William Lauder, Andrew Farkas ; executive producers, Karen Lauder, Marcus Ticotin ; director of photography Wally Pfister ; casting by Avy Kaurman.</subfield>
      </datafield>
      <datafield ind1='1' ind2=' ' tag='511'>
        <subfield code='a'>James LeGros, Maura Tierney, Christopher Walken, Kevin Corrigan, James Rebhorn, Thomas Guiry, Amy Smart, Timothy Speed Levitch, Andy Dick.</subfield>
      </datafield>
      <datafield ind1=' ' ind2=' ' tag='520'>
        <subfield code='a'>Fast food and ambition make up a daily special of murder and mystery 70&apos;s style.</subfield>
      </datafield>
      <datafield ind1='8' ind2=' ' tag='521'>
        <subfield code='a'>Rated R.</subfield>
      </datafield>
      <datafield ind1=' ' ind2=' ' tag='538'>
        <subfield code='a'>DVD, Dolby surround, widescreen.</subfield>
      </datafield>
      <datafield ind1=' ' ind2='7' tag='655'>
        <subfield code='a'>Comedy &amp; Satire.</subfield>
        <subfield code='2'>local</subfield>
      </datafield>
      <datafield ind1=' ' ind2='7' tag='655'>
        <subfield code='a'>Crime &amp; Police Drama.</subfield>
        <subfield code='2'>local</subfield>
      </datafield>
      <datafield ind1=' ' ind2='7' tag='655'>
        <subfield code='a'>Shakespeare On Film.</subfield>
        <subfield code='2'>local</subfield>
      </datafield>
      <datafield ind1=' ' ind2=' ' tag='691'>
        <subfield code='a'>USA.</subfield>
      </datafield>
      <datafield ind1='1' ind2=' ' tag='700'>
        <subfield code='a'>Morrissette, Billy.</subfield>
        <subfield code='4'>drt</subfield>
        <subfield code='4'>aus</subfield>
      </datafield>
      <datafield ind1='1' ind2=' ' tag='700'>
        <subfield code='a'>LeGros, James.</subfield>
        <subfield code='4'>act</subfield>
      </datafield>
      <datafield ind1='1' ind2=' ' tag='700'>
        <subfield code='a'>Tierney, Maura,</subfield>
        <subfield code='d'>1965-</subfield>
        <subfield code='4'>act</subfield>
      </datafield>
      <datafield ind1='1' ind2=' ' tag='700'>
        <subfield code='a'>Walken, Christopher,</subfield>
        <subfield code='d'>1943-</subfield>
        <subfield code='4'>act</subfield>
      </datafield>
      <datafield ind1='1' ind2=' ' tag='700'>
        <subfield code='a'>Corrigan, Kevin,</subfield>
        <subfield code='d'>1969-</subfield>
        <subfield code='4'>act</subfield>
      </datafield>
      <datafield ind1='1' ind2=' ' tag='700'>
        <subfield code='a'>Rebhorn, James,</subfield>
        <subfield code='d'>1948-2014.</subfield>
        <subfield code='4'>act</subfield>
      </datafield>
      <datafield ind1='1' ind2=' ' tag='700'>
        <subfield code='a'>Guiry, Thomas,</subfield>
        <subfield code='d'>1981-</subfield>
        <subfield code='4'>act</subfield>
      </datafield>
      <datafield ind1='1' ind2=' ' tag='700'>
        <subfield code='a'>Smart, Amy,</subfield>
        <subfield code='d'>1976-</subfield>
        <subfield code='4'>act</subfield>
      </datafield>
      <datafield ind1='1' ind2=' ' tag='700'>
        <subfield code='a'>Levitch, Timothy,</subfield>
        <subfield code='d'>1970-</subfield>
        <subfield code='4'>act</subfield>
      </datafield>
      <datafield ind1='1' ind2=' ' tag='700'>
        <subfield code='a'>Dick, Andy,</subfield>
        <subfield code='d'>1966-</subfield>
        <subfield code='4'>act</subfield>
      </datafield>
      <datafield ind1='1' ind2=' ' tag='700'>
        <subfield code='a'>Shakespeare, William,</subfield>
        <subfield code='d'>1564-1616.</subfield>
        <subfield code='t'>Macbeth.</subfield>
      </datafield>
      <datafield ind1='2' ind2=' ' tag='710'>
        <subfield code='a'>Abandon Pictures (Firm)</subfield>
      </datafield>
      <datafield ind1='2' ind2=' ' tag='710'>
        <subfield code='a'>Veto Chip Pictures.</subfield>
      </datafield>
      <datafield ind1='2' ind2=' ' tag='710'>
        <subfield code='a'>Paddy Wagon Productions (Firm)</subfield>
      </datafield>
      <datafield ind1=' ' ind2=' ' tag='907'>
        <subfield code='a'>b4206999</subfield>
      </datafield>
      <datafield ind1='9' ind2='1' tag='999'>
        <subfield code='i'>i5763812</subfield>
        <subfield code='l'>uldag</subfield>
        <subfield code='s'>-</subfield>
        <subfield code='t'>60</subfield>
        <subfield code='c'>2</subfield>
        <subfield code='o'>196</subfield>
        <subfield code='b'>00021356729</subfield>
        <subfield code='p'>099#9</subfield>
        <subfield code='q'>|a65-DVD1001</subfield>
      </datafield>
      <datafield ind1='9' ind2='1' tag='999'>
        <subfield code='i'>i5763813</subfield>
        <subfield code='l'>ulba</subfield>
        <subfield code='s'>o</subfield>
        <subfield code='t'>82</subfield>
        <subfield code='c'>3</subfield>
        <subfield code='o'>0</subfield>
        <subfield code='b'>00021367520</subfield>
        <subfield code='p'>099#9</subfield>
        <subfield code='q'>|a65-DVD1001</subfield>
      </datafield>
      <datafield ind1='0' ind2='0' tag='999'>
        <subfield code='a'>2004-10-01 00:00:00-04</subfield>
        <subfield code='c'>2004-10-06 23:23:00-04</subfield>
        <subfield code='u'>2018-01-06 06:01:21-05</subfield>
      </datafield>
  </record>