
  <record>
    <leader>00000cjm  2200457Ia 4500</leader>
      <controlfield tag='008'>031111p20021975oruopn              ita d</controlfield>
      <controlfield tag='007'>sd fungnn---ee</controlfield>
      <controlfield tag='001'>53387913</controlfield>
      <controlfield tag='005'>20031111150120.0</controlfield>
      <datafield ind1='0' ind2='2' tag='028'>
        <subfield code='a'>OPD-1337</subfield>
        <subfield code='b'>Allegro</subfield>
      </datafield>
      <datafield ind1=' ' ind2=' ' tag='040'>
        <subfield code='a'>NOC</subfield>
        <subfield code='c'>NOC</subfield>
      </datafield>
      <datafield ind1='0' ind2=' ' tag='041'>
        <subfield code='d'>ita</subfield>
        <subfield code='b'>eng</subfield>
        <subfield code='g'>eng</subfield>
      </datafield>
      <datafield ind1='1' ind2=' ' tag='100'>
        <subfield code='a'>Verdi, Giuseppe,</subfield>
        <subfield code='d'>1813-1901.</subfield>
      </datafield>
      <datafield ind1='1' ind2='0' tag='240'>
        <subfield code='a'>Macbeth</subfield>
      </datafield>
      <datafield ind1='1' ind2='0' tag='245'>
        <subfield code='a'>Macbeth</subfield>
        <subfield code='h'>[sound recording] /</subfield>
        <subfield code='c'>Giuseppe Verdi.</subfield>
      </datafield>
      <datafield ind1=' ' ind2=' ' tag='260'>
        <subfield code='a'>Portland, OR :</subfield>
        <subfield code='b'>Allegro,</subfield>
        <subfield code='c'>[2002]</subfield>
      </datafield>
      <datafield ind1=' ' ind2=' ' tag='300'>
        <subfield code='a'>2 sound discs :</subfield>
        <subfield code='b'>digital ;</subfield>
        <subfield code='c'>4 3/4 in.</subfield>
      </datafield>
      <datafield ind1=' ' ind2=' ' tag='500'>
        <subfield code='a'>Opera in 4 acts.</subfield>
      </datafield>
      <datafield ind1=' ' ind2=' ' tag='500'>
        <subfield code='a'>Libretto by Francesco Maria Piave, based on the play by Shakespeare.</subfield>
      </datafield>
      <datafield ind1=' ' ind2=' ' tag='500'>
        <subfield code='a'>Compact discs.</subfield>
      </datafield>
      <datafield ind1=' ' ind2=' ' tag='500'>
        <subfield code='a'>Program notes and synopsis in English inserted in container.</subfield>
      </datafield>
      <datafield ind1='0' ind2=' ' tag='511'>
        <subfield code='a'>Piero Cappuccilli ; Shirley Varrett ; Nicolai Ghiaurov ; La Scala Orchestra and Chorus, Claudio Abbado, conductor.</subfield>
      </datafield>
      <datafield ind1=' ' ind2=' ' tag='518'>
        <subfield code='a'>Recorded Dec. 7, 1975, Milan.</subfield>
      </datafield>
      <datafield ind1=' ' ind2=' ' tag='546'>
        <subfield code='a'>Italian words.</subfield>
      </datafield>
      <datafield ind1='0' ind2='0' tag='600'>
        <subfield code='a'>Macbeth,</subfield>
        <subfield code='c'>King of Scotland,</subfield>
        <subfield code='d'>active 11th century</subfield>
        <subfield code='v'>Drama.</subfield>
      </datafield>
      <datafield ind1=' ' ind2='7' tag='655'>
        <subfield code='a'>Operas.</subfield>
        <subfield code='2'>lcgft</subfield>
      </datafield>
      <datafield ind1='1' ind2=' ' tag='700'>
        <subfield code='a'>Piave, Francesco Maria,</subfield>
        <subfield code='d'>1810-1876.</subfield>
      </datafield>
      <datafield ind1='1' ind2=' ' tag='700'>
        <subfield code='a'>Cappuccilli, Piero.</subfield>
      </datafield>
      <datafield ind1='1' ind2=' ' tag='700'>
        <subfield code='a'>Ghiaurov, Nicolai,</subfield>
        <subfield code='d'>1929-2004.</subfield>
      </datafield>
      <datafield ind1='1' ind2=' ' tag='700'>
        <subfield code='a'>Abbado, Claudio.</subfield>
      </datafield>
      <datafield ind1='1' ind2=' ' tag='700'>
        <subfield code='a'>Shakespeare, William,</subfield>
        <subfield code='d'>1564-1616.</subfield>
        <subfield code='t'>Macbeth.</subfield>
      </datafield>
      <datafield ind1='2' ind2=' ' tag='710'>
        <subfield code='a'>Teatro alla Scala.</subfield>
      </datafield>
      <datafield ind1=' ' ind2='0' tag='830'>
        <subfield code='a'>Opera d&apos;Oro.</subfield>
      </datafield>
      <datafield ind1=' ' ind2=' ' tag='907'>
        <subfield code='a'>b4379189</subfield>
      </datafield>
      <datafield ind1='9' ind2='1' tag='999'>
        <subfield code='i'>i5972614</subfield>
        <subfield code='l'>mmdd</subfield>
        <subfield code='s'>-</subfield>
        <subfield code='t'>50</subfield>
        <subfield code='c'>1</subfield>
        <subfield code='o'>18</subfield>
        <subfield code='b'>00022570941</subfield>
        <subfield code='p'>099#9</subfield>
        <subfield code='q'>|aCD-11,830</subfield>
        <subfield code='v'>disc1</subfield>
      </datafield>
      <datafield ind1='9' ind2='1' tag='999'>
        <subfield code='i'>i5972615</subfield>
        <subfield code='l'>mmdd</subfield>
        <subfield code='s'>-</subfield>
        <subfield code='t'>50</subfield>
        <subfield code='c'>1</subfield>
        <subfield code='o'>18</subfield>
        <subfield code='b'>00022674937</subfield>
        <subfield code='p'>099#9</subfield>
        <subfield code='q'>|aCD-11,830</subfield>
        <subfield code='v'>disc2</subfield>
      </datafield>
      <datafield ind1='9' ind2='2' tag='999'>
        <subfield code='a'>c4447735</subfield>
        <subfield code='b'>mmdd</subfield>
        <subfield code='c'>0</subfield>
      </datafield>
      <datafield ind1='9' ind2='3' tag='999'>
        <subfield code='0'>c4447735</subfield>
        <subfield code='2'>852</subfield>
        <subfield code='3'>c</subfield>
        <subfield code='b'>577766</subfield>
        <subfield code='h'>CD-11,830</subfield>
      </datafield>
      <datafield ind1='9' ind2='3' tag='999'>
        <subfield code='0'>c4447735</subfield>
        <subfield code='2'>853</subfield>
        <subfield code='3'>y</subfield>
        <subfield code='8'>1</subfield>
        <subfield code='a'>disc</subfield>
        <subfield code='t'>c.</subfield>
      </datafield>
      <datafield ind1='0' ind2='0' tag='999'>
        <subfield code='a'>2004-10-01 00:00:00-04</subfield>
        <subfield code='c'>2004-10-07 13:08:15-04</subfield>
        <subfield code='u'>2017-11-15 15:46:10-05</subfield>
      </datafield>
  </record>