
  <record>
    <leader>00000cam  2200193K  4500</leader>
      <controlfield tag='008'>920805r1909uuuunyu           000 0 eng d</controlfield>
      <controlfield tag='001'>26331544</controlfield>
      <controlfield tag='005'>20040525112726.0</controlfield>
      <datafield ind1=' ' ind2=' ' tag='040'>
        <subfield code='a'>STF</subfield>
        <subfield code='c'>STF</subfield>
        <subfield code='d'>OCLCQ</subfield>
        <subfield code='d'>NOC</subfield>
      </datafield>
      <datafield ind1='1' ind2=' ' tag='100'>
        <subfield code='a'>Sprague, Homer B.</subfield>
        <subfield code='q'>(Homer Baxter),</subfield>
        <subfield code='d'>1829-1918.</subfield>
      </datafield>
      <datafield ind1='1' ind2='4' tag='245'>
        <subfield code='a'>The true Macbeth,</subfield>
        <subfield code='b'>a critical essay;</subfield>
        <subfield code='c'>by Homer B. Sprague.</subfield>
      </datafield>
      <datafield ind1=' ' ind2=' ' tag='260'>
        <subfield code='a'>New York</subfield>
        <subfield code='c'>[1909]</subfield>
      </datafield>
      <datafield ind1=' ' ind2=' ' tag='300'>
        <subfield code='a'>p. 239-269 ;</subfield>
        <subfield code='c'>19 cm.</subfield>
      </datafield>
      <datafield ind1=' ' ind2=' ' tag='500'>
        <subfield code='a'>Cover-title.</subfield>
      </datafield>
      <datafield ind1=' ' ind2=' ' tag='500'>
        <subfield code='a'>Reprint from Shakespeare, W.--Macbeth, ed. with notes by Homer B. Sprague.</subfield>
      </datafield>
      <datafield ind1='1' ind2=' ' tag='700'>
        <subfield code='a'>Shakespeare, William,</subfield>
        <subfield code='d'>1564-1616.</subfield>
        <subfield code='t'>Macbeth.</subfield>
      </datafield>
      <datafield ind1=' ' ind2=' ' tag='907'>
        <subfield code='a'>b4448391</subfield>
      </datafield>
      <datafield ind1='9' ind2='1' tag='999'>
        <subfield code='i'>i6055988</subfield>
        <subfield code='l'>trln</subfield>
        <subfield code='s'>-</subfield>
        <subfield code='t'>0</subfield>
        <subfield code='c'>1</subfield>
        <subfield code='o'>1</subfield>
        <subfield code='b'>10002211875</subfield>
        <subfield code='p'>092##</subfield>
        <subfield code='q'>|a822.12 MazSp</subfield>
      </datafield>
      <datafield ind1='0' ind2='0' tag='999'>
        <subfield code='a'>2004-10-01 00:00:00-04</subfield>
        <subfield code='c'>2004-10-07 13:26:14-04</subfield>
        <subfield code='u'>2013-10-25 11:05:08-04</subfield>
      </datafield>
  </record>