
  <record>
    <leader>00000ccm a2200385Ia 4500</leader>
      <controlfield tag='008'>040318s2004    wiumua   g     n    eng d</controlfield>
      <controlfield tag='001'>54760525</controlfield>
      <controlfield tag='005'>20040709161951.0</controlfield>
      <datafield ind1=' ' ind2=' ' tag='020'>
        <subfield code='a'>0895795477</subfield>
      </datafield>
      <datafield ind1=' ' ind2=' ' tag='040'>
        <subfield code='a'>BUF</subfield>
        <subfield code='c'>BUF</subfield>
        <subfield code='d'>INT</subfield>
        <subfield code='d'>OCLCQ</subfield>
        <subfield code='d'>NOC</subfield>
      </datafield>
      <datafield ind1='0' ind2='0' tag='245'>
        <subfield code='a'>Music for Macbeth /</subfield>
        <subfield code='c'>edited by Amanda Eubanks Winkler.</subfield>
      </datafield>
      <datafield ind1=' ' ind2=' ' tag='260'>
        <subfield code='a'>Middleton, Wisc. :</subfield>
        <subfield code='b'>A-R Editions,</subfield>
        <subfield code='c'>c2004.</subfield>
      </datafield>
      <datafield ind1=' ' ind2=' ' tag='300'>
        <subfield code='a'>1 score (xx, 104 p.) :</subfield>
        <subfield code='b'>facsims. ;</subfield>
        <subfield code='c'>31 cm.</subfield>
      </datafield>
      <datafield ind1=' ' ind2=' ' tag='500'>
        <subfield code='a'>Unaccompanied melodies (1st work) ; for solo voices, chorus, strings and continuo (2nd and 3rd works).</subfield>
      </datafield>
      <datafield ind1=' ' ind2=' ' tag='500'>
        <subfield code='a'>Introduction, p. vii-xii.</subfield>
      </datafield>
      <datafield ind1=' ' ind2=' ' tag='500'>
        <subfield code='a'>Text comparison between Eccles&apos; and Leveridge&apos;s settings, p. xiii-xix.</subfield>
      </datafield>
      <datafield ind1=' ' ind2=' ' tag='500'>
        <subfield code='a'>Critical report at end.</subfield>
      </datafield>
      <datafield ind1=' ' ind2=' ' tag='504'>
        <subfield code='a'>Includes bibliographical references.</subfield>
      </datafield>
      <datafield ind1='0' ind2=' ' tag='505'>
        <subfield code='a'>Tunes from Macbeth. Let&apos;s have a dance ; The witches dance / attributed to Matthew Locke -- Music from Macbeth. Act 2 symphony ; Speak, sister, speak ; Let&apos;s have a dance ; Hecate! Oh, come away ; Act 4 symphony ; Black spirits and white / John Eccles -- Music from Macbeth. Act 2 symphony ; Speak, sister, speak ; Let&apos;s have a dance ; Act 2 tune ; Symphony at the descending of the machine in the third act ; Hecate! Come away ; Act 4 symphony ; Black spirits and white / Richard Leveridge.</subfield>
      </datafield>
      <datafield ind1=' ' ind2='0' tag='650'>
        <subfield code='a'>Incidental music</subfield>
        <subfield code='v'>Scores.</subfield>
      </datafield>
      <datafield ind1=' ' ind2='0' tag='650'>
        <subfield code='a'>Choruses, Sacred (Mixed voices) with instrumental ensemble</subfield>
        <subfield code='v'>Scores.</subfield>
      </datafield>
      <datafield ind1='1' ind2=' ' tag='700'>
        <subfield code='a'>Eubanks Winkler, Amanda.</subfield>
        <subfield code='4'>edt</subfield>
      </datafield>
      <datafield ind1='1' ind2=' ' tag='700'>
        <subfield code='a'>Shakespeare, William,</subfield>
        <subfield code='d'>1564-1616.</subfield>
        <subfield code='t'>Macbeth.</subfield>
      </datafield>
      <datafield ind1='1' ind2='2' tag='700'>
        <subfield code='a'>Locke, Matthew,</subfield>
        <subfield code='d'>1621 or 1622-1677.</subfield>
        <subfield code='t'>Dance in the play of Mackbeth.</subfield>
      </datafield>
      <datafield ind1='1' ind2='2' tag='700'>
        <subfield code='a'>Locke, Matthew,</subfield>
        <subfield code='d'>1621 or 1622-1677.</subfield>
        <subfield code='t'>Witches dance.</subfield>
      </datafield>
      <datafield ind1='1' ind2='2' tag='700'>
        <subfield code='a'>Eccles, John,</subfield>
        <subfield code='d'>-1735.</subfield>
        <subfield code='t'>Macbeth.</subfield>
        <subfield code='k'>Selections.</subfield>
      </datafield>
      <datafield ind1='1' ind2='2' tag='700'>
        <subfield code='a'>Leveridge, Richard,</subfield>
        <subfield code='d'>1670 or 1671-1758.</subfield>
        <subfield code='t'>Macbeth.</subfield>
        <subfield code='k'>Selections.</subfield>
      </datafield>
      <datafield ind1=' ' ind2='0' tag='830'>
        <subfield code='a'>Recent researches in the music of the Baroque Era ;</subfield>
        <subfield code='v'>v. 133.</subfield>
      </datafield>
      <datafield ind1=' ' ind2=' ' tag='907'>
        <subfield code='a'>b4464421</subfield>
      </datafield>
      <datafield ind1='9' ind2='1' tag='999'>
        <subfield code='i'>i6074399</subfield>
        <subfield code='l'>mmda</subfield>
        <subfield code='s'>o</subfield>
        <subfield code='t'>44</subfield>
        <subfield code='c'>1</subfield>
        <subfield code='o'>0</subfield>
        <subfield code='b'>00023730535</subfield>
        <subfield code='p'>090##</subfield>
        <subfield code='q'>|aM2|b.R238 v. 133</subfield>
        <subfield code='v'>v.133</subfield>
      </datafield>
      <datafield ind1='0' ind2='0' tag='999'>
        <subfield code='a'>2004-10-01 00:00:00-04</subfield>
        <subfield code='c'>2004-10-07 13:28:00-04</subfield>
        <subfield code='u'>2017-01-21 16:15:39-05</subfield>
      </datafield>
  </record>