
  <record>
    <leader>00000cgm  2200517Ia 4500</leader>
      <controlfield tag='008'>050329p20031998ilu088            vlenm d</controlfield>
      <controlfield tag='007'>vd cvaiz-</controlfield>
      <controlfield tag='001'>58676032</controlfield>
      <controlfield tag='003'>OCoLC</controlfield>
      <controlfield tag='005'>20050511042135.0</controlfield>
      <datafield ind1='1' ind2='0' tag='024'>
        <subfield code='a'>037429203521</subfield>
      </datafield>
      <datafield ind1=' ' ind2=' ' tag='035'>
        <subfield code='a'>(OCoLC)58676032</subfield>
      </datafield>
      <datafield ind1=' ' ind2=' ' tag='040'>
        <subfield code='a'>CUY</subfield>
        <subfield code='c'>CUY</subfield>
        <subfield code='d'>NOC</subfield>
      </datafield>
      <datafield ind1=' ' ind2=' ' tag='049'>
        <subfield code='a'>[Digital][Video][Disc]NOC3</subfield>
      </datafield>
      <datafield ind1='0' ind2='0' tag='245'>
        <subfield code='a'>Macbeth</subfield>
        <subfield code='h'>[videorecording] /</subfield>
        <subfield code='c'>producer, Sue Pritchard ; director, Michael Bogdanov ; a Granada Production for Channel Four.</subfield>
      </datafield>
      <datafield ind1=' ' ind2=' ' tag='250'>
        <subfield code='a'>Digitally transferred version</subfield>
      </datafield>
      <datafield ind1=' ' ind2=' ' tag='260'>
        <subfield code='a'>Chicago, IL :</subfield>
        <subfield code='b'>Home Vision Entertainment,</subfield>
        <subfield code='c'>c2003.</subfield>
      </datafield>
      <datafield ind1=' ' ind2=' ' tag='300'>
        <subfield code='a'>1 videodisc (88 min.) :</subfield>
        <subfield code='b'>sd., col. ;</subfield>
        <subfield code='c'>4 3/4 in.</subfield>
      </datafield>
      <datafield ind1=' ' ind2=' ' tag='500'>
        <subfield code='a'>Run time: approx. 88 min.</subfield>
      </datafield>
      <datafield ind1=' ' ind2=' ' tag='500'>
        <subfield code='a'>Originally produced by UK television in 1998.</subfield>
      </datafield>
      <datafield ind1=' ' ind2=' ' tag='500'>
        <subfield code='a'>&quot;Channel 4 UK and the English Shakespeare Company present&quot; -- Container.</subfield>
      </datafield>
      <datafield ind1=' ' ind2=' ' tag='501'>
        <subfield code='a'>Issued in container with: Twelfth night.</subfield>
      </datafield>
      <datafield ind1=' ' ind2=' ' tag='508'>
        <subfield code='a'>Photography, Tony Coldwell ; editor, Oral Ottley ; music, Tot Taylor.</subfield>
      </datafield>
      <datafield ind1='0' ind2=' ' tag='511'>
        <subfield code='a'>Cast: Greta Scacchi, Sean Pertwee, Denise Black, Lorcan Cranitch, Jack Davenport, Ruth Gemmell, Lesley Joseph, Philip Madoc, Michael Maloney.</subfield>
      </datafield>
      <datafield ind1=' ' ind2=' ' tag='520'>
        <subfield code='a'>Using Shakespeare&apos;s classic text, this television production of Macbeth is set in a timeless zone somewhere in the twentieth century against a raw, urban industrial environment. The film is notable for a carefully edited text which enables students to explore the playwright&apos;s handling of passion, murderous fury, betrayal and guilt.</subfield>
      </datafield>
      <datafield ind1=' ' ind2=' ' tag='546'>
        <subfield code='a'>Closed-captioned.</subfield>
      </datafield>
      <datafield ind1='0' ind2='0' tag='600'>
        <subfield code='a'>Macbeth,</subfield>
        <subfield code='c'>King of Scotland,</subfield>
        <subfield code='d'>active 11th century</subfield>
        <subfield code='v'>Drama.</subfield>
      </datafield>
      <datafield ind1='1' ind2='0' tag='600'>
        <subfield code='a'>Shakespeare, William,</subfield>
        <subfield code='d'>1564-1616.</subfield>
        <subfield code='t'>Macbeth</subfield>
        <subfield code='v'>Adaptations.</subfield>
      </datafield>
      <datafield ind1=' ' ind2='7' tag='655'>
        <subfield code='a'>British Cinema.</subfield>
        <subfield code='2'>local</subfield>
      </datafield>
      <datafield ind1=' ' ind2='7' tag='655'>
        <subfield code='a'>Drama.</subfield>
        <subfield code='2'>local</subfield>
      </datafield>
      <datafield ind1=' ' ind2='7' tag='655'>
        <subfield code='a'>Shakespeare On Film.</subfield>
        <subfield code='2'>local</subfield>
      </datafield>
      <datafield ind1=' ' ind2='7' tag='655'>
        <subfield code='a'>Theater - Plays.</subfield>
        <subfield code='2'>local</subfield>
      </datafield>
      <datafield ind1=' ' ind2='7' tag='655'>
        <subfield code='a'>British literature</subfield>
        <subfield code='x'>Adaptations.</subfield>
        <subfield code='2'>local</subfield>
      </datafield>
      <datafield ind1=' ' ind2=' ' tag='691'>
        <subfield code='a'>UK.</subfield>
      </datafield>
      <datafield ind1='1' ind2=' ' tag='700'>
        <subfield code='a'>Pritchard, Sue.</subfield>
      </datafield>
      <datafield ind1='1' ind2=' ' tag='700'>
        <subfield code='a'>Bogdanov, Michael.</subfield>
        <subfield code='4'>drt</subfield>
      </datafield>
      <datafield ind1='1' ind2=' ' tag='700'>
        <subfield code='a'>Scacchi, Greta.</subfield>
      </datafield>
      <datafield ind1='1' ind2=' ' tag='700'>
        <subfield code='a'>Pertwee, Sean.</subfield>
      </datafield>
      <datafield ind1='1' ind2=' ' tag='700'>
        <subfield code='a'>Shakespeare, William,</subfield>
        <subfield code='d'>1564-1616.</subfield>
        <subfield code='t'>Macbeth.</subfield>
      </datafield>
      <datafield ind1='2' ind2=' ' tag='710'>
        <subfield code='a'>English Shakespeare Company.</subfield>
      </datafield>
      <datafield ind1='2' ind2=' ' tag='710'>
        <subfield code='a'>Granada Productions.</subfield>
      </datafield>
      <datafield ind1='2' ind2=' ' tag='710'>
        <subfield code='a'>Channel Four (Great Britain)</subfield>
      </datafield>
      <datafield ind1='2' ind2=' ' tag='710'>
        <subfield code='a'>Home Vision Entertainment (Firm)</subfield>
      </datafield>
      <datafield ind1=' ' ind2=' ' tag='907'>
        <subfield code='a'>b4725655</subfield>
      </datafield>
      <datafield ind1='9' ind2='1' tag='999'>
        <subfield code='i'>i6173699</subfield>
        <subfield code='l'>uldal</subfield>
        <subfield code='s'>o</subfield>
        <subfield code='t'>60</subfield>
        <subfield code='c'>1</subfield>
        <subfield code='o'>2</subfield>
        <subfield code='b'>00023427748</subfield>
        <subfield code='p'>099#9</subfield>
        <subfield code='q'>|a65-DVD2099</subfield>
      </datafield>
      <datafield ind1='0' ind2='0' tag='999'>
        <subfield code='a'>2005-07-13 00:00:00-04</subfield>
        <subfield code='c'>2005-05-11 17:18:00-04</subfield>
        <subfield code='u'>2015-11-23 09:53:51-05</subfield>
      </datafield>
  </record>