
  <record>
    <leader>00000ccm  2200337Ia 4500</leader>
      <controlfield tag='008'>720328nuuuuuuuufr opa         n    fre d</controlfield>
      <controlfield tag='001'>271507</controlfield>
      <controlfield tag='003'>OCoLC</controlfield>
      <controlfield tag='005'>20060929115325.0</controlfield>
      <datafield ind1='2' ind2='2' tag='028'>
        <subfield code='a'>L.E. 2442</subfield>
        <subfield code='b'>L. Escudier</subfield>
      </datafield>
      <datafield ind1=' ' ind2=' ' tag='040'>
        <subfield code='a'>CIN</subfield>
        <subfield code='c'>CIN</subfield>
        <subfield code='d'>OCL</subfield>
        <subfield code='d'>HMU</subfield>
        <subfield code='d'>NOC</subfield>
      </datafield>
      <datafield ind1='1' ind2=' ' tag='041'>
        <subfield code='a'>fre</subfield>
        <subfield code='h'>ita</subfield>
      </datafield>
      <datafield ind1=' ' ind2=' ' tag='049'>
        <subfield code='a'>NOCC</subfield>
      </datafield>
      <datafield ind1='1' ind2=' ' tag='100'>
        <subfield code='a'>Verdi, Giuseppe,</subfield>
        <subfield code='d'>1813-1901.</subfield>
      </datafield>
      <datafield ind1='1' ind2='0' tag='240'>
        <subfield code='a'>Macbeth.</subfield>
        <subfield code='s'>Vocal score.</subfield>
        <subfield code='l'>French</subfield>
      </datafield>
      <datafield ind1='1' ind2='0' tag='245'>
        <subfield code='a'>Macbeth :</subfield>
        <subfield code='b'>grand opéra en cinq actes /</subfield>
        <subfield code='c'>poème imité de Shakespeare par M.M. Nuitter &amp; Beaumont ; musique de G. Verdi ; partition réduite pour piano et chant par Ed. Mangin.</subfield>
      </datafield>
      <datafield ind1=' ' ind2=' ' tag='260'>
        <subfield code='a'>Paris :</subfield>
        <subfield code='b'>L. Escudier,</subfield>
        <subfield code='c'>[n.d.]</subfield>
      </datafield>
      <datafield ind1=' ' ind2=' ' tag='300'>
        <subfield code='a'>1 vocal score (290 p.) ;</subfield>
        <subfield code='c'>28 cm.</subfield>
      </datafield>
      <datafield ind1=' ' ind2=' ' tag='500'>
        <subfield code='a'>Opera; acc. arr. for piano.</subfield>
      </datafield>
      <datafield ind1=' ' ind2=' ' tag='546'>
        <subfield code='a'>French words; original libretto in Italian by Piave.</subfield>
      </datafield>
      <datafield ind1=' ' ind2='0' tag='650'>
        <subfield code='a'>Operas</subfield>
        <subfield code='v'>Vocal scores with piano.</subfield>
      </datafield>
      <datafield ind1='1' ind2=' ' tag='700'>
        <subfield code='a'>Piave, Francesco Maria,</subfield>
        <subfield code='d'>1810-1876.</subfield>
        <subfield code='4'>lbt</subfield>
      </datafield>
      <datafield ind1='1' ind2=' ' tag='700'>
        <subfield code='a'>Nuitter, Charles,</subfield>
        <subfield code='d'>1828-1899.</subfield>
      </datafield>
      <datafield ind1='1' ind2=' ' tag='700'>
        <subfield code='a'>Beaumont, Alexandre,</subfield>
        <subfield code='d'>1827-1909.</subfield>
      </datafield>
      <datafield ind1='1' ind2=' ' tag='700'>
        <subfield code='a'>Mangin, Edouard.</subfield>
      </datafield>
      <datafield ind1='1' ind2=' ' tag='700'>
        <subfield code='a'>Shakespeare, William,</subfield>
        <subfield code='d'>1564-1616.</subfield>
        <subfield code='t'>Macbeth.</subfield>
      </datafield>
      <datafield ind1='2' ind2=' ' tag='710'>
        <subfield code='a'>Packard Humanities Institute Music Collection at Harvard.</subfield>
        <subfield code='5'>MH-Mu</subfield>
      </datafield>
      <datafield ind1=' ' ind2=' ' tag='907'>
        <subfield code='a'>b4911501</subfield>
      </datafield>
      <datafield ind1='9' ind2='1' tag='999'>
        <subfield code='i'>i6493691</subfield>
        <subfield code='l'>mmda</subfield>
        <subfield code='s'>-</subfield>
        <subfield code='t'>45</subfield>
        <subfield code='c'>1</subfield>
        <subfield code='o'>0</subfield>
        <subfield code='b'>10001366148</subfield>
        <subfield code='p'>090##</subfield>
        <subfield code='q'>|aM1503.V484|bM34 E8 1900z</subfield>
      </datafield>
      <datafield ind1='0' ind2='0' tag='999'>
        <subfield code='a'>2006-10-30 00:00:00-05</subfield>
        <subfield code='c'>2006-10-30 14:21:00-05</subfield>
        <subfield code='u'>2017-11-15 15:46:09-05</subfield>
      </datafield>
  </record>