
  <record>
    <leader>00000ncm a2200313Ki 4500</leader>
      <controlfield tag='008'>070108s1830    enk            n    eng d</controlfield>
      <controlfield tag='001'>77553077</controlfield>
      <controlfield tag='003'>OCoLC</controlfield>
      <controlfield tag='005'>20070108153043.0</controlfield>
      <datafield ind1=' ' ind2=' ' tag='040'>
        <subfield code='a'>NOC</subfield>
        <subfield code='c'>NOC</subfield>
      </datafield>
      <datafield ind1=' ' ind2=' ' tag='049'>
        <subfield code='a'>NOCC</subfield>
      </datafield>
      <datafield ind1='1' ind2=' ' tag='100'>
        <subfield code='a'>Locke, Matthew,</subfield>
        <subfield code='d'>1621 or 1622-1677.</subfield>
      </datafield>
      <datafield ind1='1' ind2='0' tag='240'>
        <subfield code='a'>Macbeth;</subfield>
        <subfield code='o'>arranged</subfield>
      </datafield>
      <datafield ind1='1' ind2='4' tag='245'>
        <subfield code='a'>The original music in Macbeth /</subfield>
        <subfield code='c'>as composed by Mathew Locke ; arr. from the score and adapted for the piano forte, by B. Jacobs.</subfield>
      </datafield>
      <datafield ind1=' ' ind2=' ' tag='260'>
        <subfield code='a'>London :</subfield>
        <subfield code='b'>Printed by Goulding, D&apos;Almaine, Potter &amp; Co.,</subfield>
        <subfield code='c'>[1830?]</subfield>
      </datafield>
      <datafield ind1=' ' ind2=' ' tag='300'>
        <subfield code='a'>18 p. ;</subfield>
        <subfield code='c'>36 cm.</subfield>
      </datafield>
      <datafield ind1=' ' ind2=' ' tag='500'>
        <subfield code='a'>Originally for voices and string orchestra.</subfield>
      </datafield>
      <datafield ind1=' ' ind2=' ' tag='500'>
        <subfield code='a'>The words are from Macbeth by W. Davenant and The witch by T. Middleton. Cf. Harding.</subfield>
      </datafield>
      <datafield ind1=' ' ind2=' ' tag='500'>
        <subfield code='a'>A thematic catalogue of the works of Matthew Locke.</subfield>
      </datafield>
      <datafield ind1=' ' ind2=' ' tag='500'>
        <subfield code='a'>Includes figured bass.</subfield>
      </datafield>
      <datafield ind1=' ' ind2='0' tag='650'>
        <subfield code='a'>Incidental music</subfield>
        <subfield code='v'>Piano scores.</subfield>
      </datafield>
      <datafield ind1='1' ind2=' ' tag='700'>
        <subfield code='a'>D&apos;Avenant, William,</subfield>
        <subfield code='d'>1606-1668.</subfield>
        <subfield code='t'>Macbeth.</subfield>
        <subfield code='k'>Selections.</subfield>
      </datafield>
      <datafield ind1='1' ind2=' ' tag='700'>
        <subfield code='a'>Middleton, Thomas,</subfield>
        <subfield code='d'>-1627.</subfield>
        <subfield code='t'>Witch.</subfield>
        <subfield code='k'>Selections.</subfield>
      </datafield>
      <datafield ind1='1' ind2=' ' tag='700'>
        <subfield code='a'>Shakespeare, William,</subfield>
        <subfield code='d'>1564-1616.</subfield>
        <subfield code='t'>Macbeth.</subfield>
      </datafield>
      <datafield ind1=' ' ind2=' ' tag='907'>
        <subfield code='a'>b4974842</subfield>
      </datafield>
      <datafield ind1='9' ind2='1' tag='999'>
        <subfield code='i'>i6549807</subfield>
        <subfield code='l'>mmrb</subfield>
        <subfield code='s'>o</subfield>
        <subfield code='t'>45</subfield>
        <subfield code='c'>1</subfield>
        <subfield code='o'>0</subfield>
        <subfield code='p'>090##</subfield>
        <subfield code='q'>|aM1513.L6|bM3</subfield>
      </datafield>
      <datafield ind1='0' ind2='0' tag='999'>
        <subfield code='a'>2007-01-30 00:00:00-05</subfield>
        <subfield code='c'>2007-01-30 08:28:24-05</subfield>
        <subfield code='u'>2016-10-23 21:57:42-04</subfield>
      </datafield>
  </record>