
  <record>
    <leader>00000ccm  2200469Ia 4500</leader>
      <controlfield tag='008'>070209s2006    iluopc   bhi   n  b ita d</controlfield>
      <controlfield tag='001'>82900782</controlfield>
      <controlfield tag='003'>OCoLC</controlfield>
      <controlfield tag='005'>20081105115839.0</controlfield>
      <datafield ind1=' ' ind2=' ' tag='019'>
        <subfield code='a'>144520153</subfield>
        <subfield code='a'>180982924</subfield>
        <subfield code='a'>225466875</subfield>
      </datafield>
      <datafield ind1=' ' ind2=' ' tag='020'>
        <subfield code='a'>9788875927882 (pbk.)</subfield>
      </datafield>
      <datafield ind1=' ' ind2=' ' tag='020'>
        <subfield code='a'>887592788X (pbk.)</subfield>
      </datafield>
      <datafield ind1='2' ind2=' ' tag='024'>
        <subfield code='a'>M041387130</subfield>
      </datafield>
      <datafield ind1='2' ind2='2' tag='028'>
        <subfield code='a'>138713</subfield>
        <subfield code='b'>Ricordi</subfield>
      </datafield>
      <datafield ind1='3' ind2='2' tag='028'>
        <subfield code='a'>CP 138713</subfield>
        <subfield code='b'>Ricordi</subfield>
      </datafield>
      <datafield ind1=' ' ind2=' ' tag='035'>
        <subfield code='a'>(OCoLC)82900782</subfield>
        <subfield code='z'>(OCoLC)144520153</subfield>
        <subfield code='z'>(OCoLC)180982924</subfield>
        <subfield code='z'>(OCoLC)225466875</subfield>
      </datafield>
      <datafield ind1=' ' ind2=' ' tag='040'>
        <subfield code='a'>OHX</subfield>
        <subfield code='c'>OHX</subfield>
        <subfield code='d'>BAKER</subfield>
        <subfield code='d'>HDC</subfield>
        <subfield code='d'>HMU</subfield>
        <subfield code='d'>CUS</subfield>
        <subfield code='d'>BTCTA</subfield>
        <subfield code='d'>YDXCP</subfield>
        <subfield code='d'>C3L</subfield>
        <subfield code='d'>CPL</subfield>
        <subfield code='d'>AU@</subfield>
        <subfield code='d'>NOC</subfield>
      </datafield>
      <datafield ind1='0' ind2=' ' tag='041'>
        <subfield code='a'>ita</subfield>
        <subfield code='g'>ita</subfield>
        <subfield code='g'>eng</subfield>
      </datafield>
      <datafield ind1='1' ind2=' ' tag='045'>
        <subfield code='b'>d1847</subfield>
        <subfield code='b'>d1865</subfield>
      </datafield>
      <datafield ind1=' ' ind2=' ' tag='049'>
        <subfield code='a'>OFC1</subfield>
      </datafield>
      <datafield ind1='1' ind2=' ' tag='100'>
        <subfield code='a'>Verdi, Giuseppe,</subfield>
        <subfield code='d'>1813-1901.</subfield>
      </datafield>
      <datafield ind1='1' ind2='0' tag='240'>
        <subfield code='a'>Macbeth.</subfield>
        <subfield code='s'>Vocal score</subfield>
      </datafield>
      <datafield ind1='1' ind2='0' tag='245'>
        <subfield code='a'>Macbeth :</subfield>
        <subfield code='b'>melodramma in quattro atti = melodramma in four acts /</subfield>
        <subfield code='c'>Giuseppe Verdi ; [libretto] di Francesco Maria Piave e Andrea Maffei ; riduzione per canto e pianoforte condotta sull&apos;edizione critica della partitura a cura di David Lawton.</subfield>
      </datafield>
      <datafield ind1=' ' ind2=' ' tag='260'>
        <subfield code='a'>Chicago :</subfield>
        <subfield code='b'>University of Chicago Press ;</subfield>
        <subfield code='a'>Milano :</subfield>
        <subfield code='b'>Ricordi ;</subfield>
        <subfield code='a'>San Giuliano Milanese MI :</subfield>
        <subfield code='b'>Produzione, distribuzione e vendita, BMG Publications,</subfield>
        <subfield code='c'>c2006.</subfield>
      </datafield>
      <datafield ind1=' ' ind2=' ' tag='300'>
        <subfield code='a'>1 vocal score (2 v.) ;</subfield>
        <subfield code='c'>27 cm.</subfield>
      </datafield>
      <datafield ind1=' ' ind2=' ' tag='500'>
        <subfield code='a'>Based on Italian translations by Carlo Rusconi and Michele Leoni of the Shakespeare tragedy.</subfield>
      </datafield>
      <datafield ind1=' ' ind2=' ' tag='500'>
        <subfield code='a'>Vol. 2 comprises introd. and critical commentary in Italian and English, and appendices containing alternate versions of certain numbers.</subfield>
      </datafield>
      <datafield ind1='0' ind2=' ' tag='505'>
        <subfield code='a'>Macbeth I, vocal score based on the critical editon --- Macbeth II, historical introduction and critical notes, music appendixes.</subfield>
      </datafield>
      <datafield ind1='0' ind2='0' tag='600'>
        <subfield code='a'>Macbeth,</subfield>
        <subfield code='c'>King of Scotland,</subfield>
        <subfield code='d'>active 11th century</subfield>
        <subfield code='v'>Drama.</subfield>
      </datafield>
      <datafield ind1=' ' ind2='0' tag='650'>
        <subfield code='a'>Operas</subfield>
        <subfield code='v'>Vocal scores with piano.</subfield>
      </datafield>
      <datafield ind1='1' ind2=' ' tag='700'>
        <subfield code='a'>Piave, Francesco Maria,</subfield>
        <subfield code='d'>1810-1876.</subfield>
        <subfield code='4'>lbt</subfield>
      </datafield>
      <datafield ind1='1' ind2=' ' tag='700'>
        <subfield code='a'>Maffei, Andrea,</subfield>
        <subfield code='d'>1798-1885.</subfield>
        <subfield code='4'>lbt</subfield>
      </datafield>
      <datafield ind1='1' ind2=' ' tag='700'>
        <subfield code='a'>Lawton, David.</subfield>
        <subfield code='4'>edt</subfield>
      </datafield>
      <datafield ind1='1' ind2=' ' tag='700'>
        <subfield code='a'>Shakespeare, William,</subfield>
        <subfield code='d'>1564-1616.</subfield>
        <subfield code='t'>Macbeth.</subfield>
      </datafield>
      <datafield ind1=' ' ind2='0' tag='830'>
        <subfield code='a'>Ricordi opera vocal score series.</subfield>
      </datafield>
      <datafield ind1=' ' ind2=' ' tag='907'>
        <subfield code='a'>b5335174</subfield>
      </datafield>
      <datafield ind1='9' ind2='1' tag='999'>
        <subfield code='i'>i7571139</subfield>
        <subfield code='l'>mmda</subfield>
        <subfield code='s'>-</subfield>
        <subfield code='t'>45</subfield>
        <subfield code='c'>1</subfield>
        <subfield code='o'>6</subfield>
        <subfield code='b'>00031875864</subfield>
        <subfield code='p'>090##</subfield>
        <subfield code='q'>|aM1503.V484|bM3 2006</subfield>
        <subfield code='v'>v.1</subfield>
      </datafield>
      <datafield ind1='9' ind2='1' tag='999'>
        <subfield code='i'>i7571140</subfield>
        <subfield code='l'>mmda</subfield>
        <subfield code='s'>-</subfield>
        <subfield code='t'>45</subfield>
        <subfield code='c'>1</subfield>
        <subfield code='o'>5</subfield>
        <subfield code='b'>00031875855</subfield>
        <subfield code='p'>090##</subfield>
        <subfield code='q'>|aM1503.V484|bM3 2006</subfield>
        <subfield code='v'>v.2</subfield>
      </datafield>
      <datafield ind1='0' ind2='0' tag='999'>
        <subfield code='a'>2008-11-05 00:00:00-05</subfield>
        <subfield code='c'>2008-02-06 14:30:00-05</subfield>
        <subfield code='u'>2017-11-15 15:46:09-05</subfield>
      </datafield>
  </record>