
  <record>
    <leader>00000cam a2200373 a 4500</leader>
      <controlfield tag='008'>071025s2008    nyua          000 d eng  </controlfield>
      <controlfield tag='001'>179106640</controlfield>
      <controlfield tag='003'>OCoLC</controlfield>
      <controlfield tag='005'>20090819032318.0</controlfield>
      <datafield ind1=' ' ind2=' ' tag='010'>
        <subfield code='a'>2007044538</subfield>
      </datafield>
      <datafield ind1=' ' ind2=' ' tag='015'>
        <subfield code='a'>GBA820133</subfield>
        <subfield code='2'>bnb</subfield>
      </datafield>
      <datafield ind1=' ' ind2=' ' tag='019'>
        <subfield code='a'>177003429</subfield>
      </datafield>
      <datafield ind1=' ' ind2=' ' tag='020'>
        <subfield code='a'>9781411498716 (pbk.)</subfield>
      </datafield>
      <datafield ind1=' ' ind2=' ' tag='020'>
        <subfield code='a'>1411498712 (pbk.)</subfield>
      </datafield>
      <datafield ind1=' ' ind2=' ' tag='035'>
        <subfield code='a'>(OCoLC)179106640</subfield>
        <subfield code='z'>(OCoLC)177003429</subfield>
      </datafield>
      <datafield ind1=' ' ind2=' ' tag='040'>
        <subfield code='a'>DLC</subfield>
        <subfield code='c'>DLC</subfield>
        <subfield code='d'>BAKER</subfield>
        <subfield code='d'>UKM</subfield>
        <subfield code='d'>IH7</subfield>
        <subfield code='d'>BTCTA</subfield>
        <subfield code='d'>OCLCG</subfield>
        <subfield code='d'>QBX</subfield>
        <subfield code='d'>YDXCP</subfield>
        <subfield code='d'>VP@</subfield>
      </datafield>
      <datafield ind1=' ' ind2=' ' tag='049'>
        <subfield code='a'>NOCU</subfield>
      </datafield>
      <datafield ind1='0' ind2='0' tag='050'>
        <subfield code='a'>PN6727.H594</subfield>
        <subfield code='b'>M33 2008</subfield>
      </datafield>
      <datafield ind1='1' ind2=' ' tag='100'>
        <subfield code='a'>Hoshine, Ken,</subfield>
        <subfield code='d'>1977-</subfield>
      </datafield>
      <datafield ind1='1' ind2='0' tag='245'>
        <subfield code='a'>Macbeth /</subfield>
        <subfield code='c'>illustrated by Ken Hoshine.</subfield>
      </datafield>
      <datafield ind1=' ' ind2=' ' tag='260'>
        <subfield code='a'>New York :</subfield>
        <subfield code='b'>Sparknotes,</subfield>
        <subfield code='c'>c2008.</subfield>
      </datafield>
      <datafield ind1=' ' ind2=' ' tag='300'>
        <subfield code='a'>vii, 193 p. :</subfield>
        <subfield code='b'>ill. ;</subfield>
        <subfield code='c'>23 cm.</subfield>
      </datafield>
      <datafield ind1=' ' ind2=' ' tag='500'>
        <subfield code='a'>Adaptation of Macbeth by William Shakespeare.</subfield>
      </datafield>
      <datafield ind1='0' ind2='0' tag='600'>
        <subfield code='a'>Macbeth,</subfield>
        <subfield code='c'>King of Scotland,</subfield>
        <subfield code='d'>active 11th century</subfield>
        <subfield code='v'>Comic books, strips, etc.</subfield>
      </datafield>
      <datafield ind1=' ' ind2='0' tag='651'>
        <subfield code='a'>Scotland</subfield>
        <subfield code='x'>History</subfield>
        <subfield code='y'>To 1057</subfield>
        <subfield code='v'>Comic books, strips, etc.</subfield>
      </datafield>
      <datafield ind1=' ' ind2='7' tag='655'>
        <subfield code='a'>Graphic novels.</subfield>
        <subfield code='2'>lcgft</subfield>
      </datafield>
      <datafield ind1='1' ind2=' ' tag='700'>
        <subfield code='a'>Shakespeare, William,</subfield>
        <subfield code='d'>1564-1616.</subfield>
        <subfield code='t'>Macbeth.</subfield>
      </datafield>
      <datafield ind1='1' ind2=' ' tag='800'>
        <subfield code='a'>Shakespeare, William,</subfield>
        <subfield code='d'>1564-1616.</subfield>
        <subfield code='t'>No fear Shakespeare.</subfield>
      </datafield>
      <datafield ind1=' ' ind2=' ' tag='907'>
        <subfield code='a'>b5978480</subfield>
      </datafield>
      <datafield ind1='9' ind2='1' tag='999'>
        <subfield code='i'>i7843519</subfield>
        <subfield code='l'>uada</subfield>
        <subfield code='s'>-</subfield>
        <subfield code='t'>0</subfield>
        <subfield code='c'>1</subfield>
        <subfield code='o'>3</subfield>
        <subfield code='b'>00034643654</subfield>
        <subfield code='p'>05000</subfield>
        <subfield code='q'>|aPN6727.H594|bM33 2008</subfield>
      </datafield>
      <datafield ind1='0' ind2='0' tag='999'>
        <subfield code='a'>2009-08-19 00:00:00-04</subfield>
        <subfield code='c'>2009-07-16 11:22:00-04</subfield>
        <subfield code='u'>2017-11-10 16:29:20.125-05</subfield>
      </datafield>
  </record>