
  <record>
    <leader>00000cgm  2200841Ia 4500</leader>
      <controlfield tag='008'>061128s2006    cc 131            vlchi d</controlfield>
      <controlfield tag='007'>vd cvaizq</controlfield>
      <controlfield tag='001'>76812980</controlfield>
      <controlfield tag='003'>OCoLC</controlfield>
      <controlfield tag='005'>20101012032151.0</controlfield>
      <datafield ind1=' ' ind2=' ' tag='019'>
        <subfield code='a'>77571757</subfield>
        <subfield code='a'>426062771</subfield>
      </datafield>
      <datafield ind1='3' ind2=' ' tag='024'>
        <subfield code='a'>4895017005706</subfield>
      </datafield>
      <datafield ind1='4' ind2='2' tag='028'>
        <subfield code='a'>MS/DVD/570/HK</subfield>
        <subfield code='b'>Ju xing lu xiang fa xing (Xianggang)</subfield>
      </datafield>
      <datafield ind1=' ' ind2=' ' tag='035'>
        <subfield code='a'>(OCoLC)76812980</subfield>
        <subfield code='z'>(OCoLC)77571757</subfield>
        <subfield code='z'>(OCoLC)426062771</subfield>
      </datafield>
      <datafield ind1=' ' ind2=' ' tag='037'>
        <subfield code='b'>Midwest Tape</subfield>
        <subfield code='n'>http://www.midwesttapes.com</subfield>
      </datafield>
      <datafield ind1=' ' ind2=' ' tag='040'>
        <subfield code='a'>JRY</subfield>
        <subfield code='c'>JRY</subfield>
        <subfield code='d'>LNQ</subfield>
        <subfield code='d'>TEFMT</subfield>
        <subfield code='d'>RCS</subfield>
        <subfield code='d'>WCM</subfield>
        <subfield code='d'>OCLCA</subfield>
        <subfield code='d'>HALAN</subfield>
        <subfield code='d'>NOC</subfield>
      </datafield>
      <datafield ind1='1' ind2=' ' tag='041'>
        <subfield code='a'>chi</subfield>
        <subfield code='j'>chi</subfield>
        <subfield code='j'>eng</subfield>
        <subfield code='h'>chi</subfield>
      </datafield>
      <datafield ind1=' ' ind2=' ' tag='043'>
        <subfield code='a'>a-cc---</subfield>
      </datafield>
      <datafield ind1=' ' ind2=' ' tag='049'>
        <subfield code='a'>NODP</subfield>
      </datafield>
      <datafield ind1=' ' ind2='4' tag='050'>
        <subfield code='a'>PN1997.2</subfield>
        <subfield code='b'>.Y43 2006</subfield>
      </datafield>
      <datafield ind1=' ' ind2=' ' tag='066'>
        <subfield code='c'>$1</subfield>
      </datafield>
      <datafield ind1='0' ind2='4' tag='082'>
        <subfield code='a'>791.43/72</subfield>
        <subfield code='2'>22</subfield>
      </datafield>
      <datafield ind1='0' ind2='0' tag='245'>
        <subfield code='6'>880-01</subfield>
        <subfield code='a'>Ye yan</subfield>
        <subfield code='h'>[videorecording] =</subfield>
        <subfield code='b'>The banquet /</subfield>
        <subfield code='c'>Zhongguo dian ying he zuo zhi pian gong si jian zhi ; Hua yi xiong di ying ye tou zi you xian gong si she zhi ; Hua yi xiong di ying ye tou zi you xian gong si, Huan ya dian ying you xian gong si chu pin ; bian ju Sheng Heyu, Qiu Gangjian ; dao yan Feng Xiaogang.</subfield>
      </datafield>
      <datafield ind1='3' ind2='1' tag='246'>
        <subfield code='a'>Banquet</subfield>
      </datafield>
      <datafield ind1=' ' ind2=' ' tag='260'>
        <subfield code='a'>[Hong Kong] :</subfield>
        <subfield code='b'>Media Asia Films :</subfield>
        <subfield code='b'>Distributed by Mega Star Video Distribution,</subfield>
        <subfield code='c'>[2006?]</subfield>
      </datafield>
      <datafield ind1=' ' ind2=' ' tag='300'>
        <subfield code='a'>2  videodiscs (131 min.) :</subfield>
        <subfield code='b'>sd., col. ;</subfield>
        <subfield code='c'>4 3/4 in.</subfield>
      </datafield>
      <datafield ind1=' ' ind2=' ' tag='500'>
        <subfield code='a'>Originally released as a motion picture in 2006.</subfield>
      </datafield>
      <datafield ind1=' ' ind2=' ' tag='500'>
        <subfield code='a'>Special features: Making-of ; Interview ; Behind the scene[s] ; 40 mins. Behind the scene[s] ; trailer ; TV spot ; Poster &amp; promotion materials ; photo gallery.</subfield>
      </datafield>
      <datafield ind1='0' ind2=' ' tag='505'>
        <subfield code='a'>Disc 1. The movie -- Disc 2. Special features.</subfield>
      </datafield>
      <datafield ind1=' ' ind2=' ' tag='508'>
        <subfield code='6'>880-03</subfield>
        <subfield code='a'>She ying zhi dao, Zhang Li ; mei shu, Ye Jintian ; yin yue, Tang Dun.</subfield>
      </datafield>
      <datafield ind1='1' ind2=' ' tag='511'>
        <subfield code='6'>880-02</subfield>
        <subfield code='a'>Zhang Ziyi, Ge You, Wu Yanzu, Zhou Xun, Ma Jingwu, Huang Xiaoming.</subfield>
      </datafield>
      <datafield ind1=' ' ind2=' ' tag='520'>
        <subfield code='a'>A lavish Chinese epic, set in the Age of Five Dynasties and Ten Kingdoms, tells the story of a royal court in turmoil: forbidden love, deceit, revenge, overpowering beauty, and greed.   A young empress finds her empire on the verge of a massive revolution as storms begin to brew both within the royal court as well as in the outlying kingdoms.  She turns to her stepson for assistance but finds herself deeply involved in an attempt to have her throne and power overtaken.  The film is heavily influenced by Shakespeare&apos;s plays, specifically Hamlet and Macbeth.</subfield>
      </datafield>
      <datafield ind1=' ' ind2=' ' tag='538'>
        <subfield code='a'>DVD-9; NTSC; all regions; anamorphic widescreen (16:9, enhanced) presentation; Dolby Digital 5.1 surround and DTS 96/24.</subfield>
      </datafield>
      <datafield ind1=' ' ind2=' ' tag='546'>
        <subfield code='a'>Mandarin dialogue; with subtitles in Traditional Chinese, Simplified Chinese, or English.</subfield>
      </datafield>
      <datafield ind1=' ' ind2=' ' tag='586'>
        <subfield code='6'>880-04</subfield>
        <subfield code='a'>&quot;Weinisi ying zhan can zhan dian ying&apos;&apos;--Container.</subfield>
      </datafield>
      <datafield ind1=' ' ind2='0' tag='650'>
        <subfield code='a'>Kings and rulers</subfield>
        <subfield code='x'>Succession</subfield>
        <subfield code='v'>Drama.</subfield>
      </datafield>
      <datafield ind1=' ' ind2='0' tag='651'>
        <subfield code='a'>China</subfield>
        <subfield code='x'>History</subfield>
        <subfield code='y'>Five dynasties and the Ten kingdoms, 907-979</subfield>
        <subfield code='v'>Drama.</subfield>
      </datafield>
      <datafield ind1=' ' ind2='7' tag='655'>
        <subfield code='a'>Foreign films</subfield>
        <subfield code='z'>China.</subfield>
        <subfield code='2'>local</subfield>
      </datafield>
      <datafield ind1=' ' ind2='7' tag='655'>
        <subfield code='a'>Historical</subfield>
        <subfield code='v'>Feature.</subfield>
        <subfield code='2'>migfg</subfield>
      </datafield>
      <datafield ind1=' ' ind2='7' tag='655'>
        <subfield code='a'>Romance</subfield>
        <subfield code='v'>Feature.</subfield>
        <subfield code='2'>migfg</subfield>
      </datafield>
      <datafield ind1='1' ind2=' ' tag='700'>
        <subfield code='6'>880-05</subfield>
        <subfield code='a'>Feng, Xiaogang.</subfield>
        <subfield code='4'>drt</subfield>
      </datafield>
      <datafield ind1='1' ind2=' ' tag='700'>
        <subfield code='6'>880-06</subfield>
        <subfield code='a'>Zhang, Ziyi,</subfield>
        <subfield code='d'>1979-</subfield>
      </datafield>
      <datafield ind1='1' ind2=' ' tag='700'>
        <subfield code='6'>880-07</subfield>
        <subfield code='a'>Ge, You,</subfield>
        <subfield code='d'>1957-</subfield>
      </datafield>
      <datafield ind1='1' ind2=' ' tag='700'>
        <subfield code='6'>880-08</subfield>
        <subfield code='a'>Wu, Yanzu,</subfield>
        <subfield code='d'>1974-</subfield>
      </datafield>
      <datafield ind1='1' ind2=' ' tag='700'>
        <subfield code='6'>880-09</subfield>
        <subfield code='a'>Zhou, Xun,</subfield>
        <subfield code='d'>1976-</subfield>
      </datafield>
      <datafield ind1='1' ind2=' ' tag='700'>
        <subfield code='6'>880-10</subfield>
        <subfield code='a'>Ma, Jingwu,</subfield>
        <subfield code='d'>1937-</subfield>
      </datafield>
      <datafield ind1='1' ind2=' ' tag='700'>
        <subfield code='6'>880-11</subfield>
        <subfield code='a'>Huang, Xiaoming.</subfield>
      </datafield>
      <datafield ind1='1' ind2=' ' tag='700'>
        <subfield code='a'>Shakespeare, William,</subfield>
        <subfield code='d'>1564-1616.</subfield>
        <subfield code='t'>Hamlet.</subfield>
      </datafield>
      <datafield ind1='1' ind2=' ' tag='700'>
        <subfield code='a'>Shakespeare, William,</subfield>
        <subfield code='d'>1564-1616.</subfield>
        <subfield code='t'>Macbeth.</subfield>
      </datafield>
      <datafield ind1='2' ind2=' ' tag='710'>
        <subfield code='6'>880-12</subfield>
        <subfield code='a'>Zhongguo dian ying he zuo zhi pian gong si.</subfield>
      </datafield>
      <datafield ind1='2' ind2=' ' tag='710'>
        <subfield code='6'>880-13</subfield>
        <subfield code='a'>Hua yi xiong di ying ye tou zi you xian gong si.</subfield>
      </datafield>
      <datafield ind1='2' ind2=' ' tag='710'>
        <subfield code='a'>Media Asia Films Limited.</subfield>
      </datafield>
      <datafield ind1='2' ind2=' ' tag='710'>
        <subfield code='a'>Ju xing lu xiang fa xing you xian gong si.</subfield>
      </datafield>
      <datafield ind1='0' ind2='0' tag='880'>
        <subfield code='6'>245-01/$1</subfield>
        <subfield code='a'>夜宴</subfield>
        <subfield code='h'>[videorecording] =</subfield>
        <subfield code='b'>The banquet /</subfield>
        <subfield code='c'>中國電影合作製片公司監製 ; 華誼兄弟影業投資有限公司攝製 ; 華誼兄弟影業投資有限公司, 寰亞電影有限公司出品 ; 編劇盛和煜, 邱剛健 ; 導演馮小剛.</subfield>
      </datafield>
      <datafield ind1='1' ind2=' ' tag='880'>
        <subfield code='6'>511-02/$1</subfield>
        <subfield code='a'>章子怡, 葛優, 吳彥祖, 周迅, 馬精武, 黄曉明.</subfield>
      </datafield>
      <datafield ind1=' ' ind2=' ' tag='880'>
        <subfield code='6'>508-03/$1</subfield>
        <subfield code='a'>攝影指導, 張黎 ; 美術, 葉錦添 ; 音樂, 唐盾.</subfield>
      </datafield>
      <datafield ind1=' ' ind2=' ' tag='880'>
        <subfield code='6'>586-04/$1</subfield>
        <subfield code='a'>&quot;威尼斯影展參展電影&quot;--Container.</subfield>
      </datafield>
      <datafield ind1='1' ind2=' ' tag='880'>
        <subfield code='6'>700-05/$1</subfield>
        <subfield code='a'>馮小剛.</subfield>
      </datafield>
      <datafield ind1='1' ind2=' ' tag='880'>
        <subfield code='6'>700-06/$1</subfield>
        <subfield code='a'>章子怡,</subfield>
        <subfield code='d'>1979-</subfield>
      </datafield>
      <datafield ind1='1' ind2=' ' tag='880'>
        <subfield code='6'>700-07/$1</subfield>
        <subfield code='a'>葛優,</subfield>
        <subfield code='d'>1957-</subfield>
      </datafield>
      <datafield ind1='1' ind2=' ' tag='880'>
        <subfield code='6'>700-08/$1</subfield>
        <subfield code='a'>吳彦祖,</subfield>
        <subfield code='d'>1974-</subfield>
      </datafield>
      <datafield ind1='1' ind2=' ' tag='880'>
        <subfield code='6'>700-09/$1</subfield>
        <subfield code='a'>周迅,</subfield>
        <subfield code='d'>1976-</subfield>
      </datafield>
      <datafield ind1='1' ind2=' ' tag='880'>
        <subfield code='6'>700-10/$1</subfield>
        <subfield code='a'>馬精武,</subfield>
        <subfield code='d'>1937-</subfield>
      </datafield>
      <datafield ind1='1' ind2=' ' tag='880'>
        <subfield code='6'>700-11/$1</subfield>
        <subfield code='a'>黄曉明.</subfield>
      </datafield>
      <datafield ind1='2' ind2=' ' tag='880'>
        <subfield code='6'>710-12/$1</subfield>
        <subfield code='a'>中國電影合作製片公司.</subfield>
      </datafield>
      <datafield ind1='2' ind2=' ' tag='880'>
        <subfield code='6'>710-13/$1</subfield>
        <subfield code='a'>華誼兄弟影業投資有限公司.</subfield>
      </datafield>
      <datafield ind1=' ' ind2=' ' tag='907'>
        <subfield code='a'>b6423096</subfield>
      </datafield>
      <datafield ind1='9' ind2='1' tag='999'>
        <subfield code='i'>i8445034</subfield>
        <subfield code='l'>mmdd</subfield>
        <subfield code='s'>-</subfield>
        <subfield code='t'>60</subfield>
        <subfield code='c'>1</subfield>
        <subfield code='o'>0</subfield>
        <subfield code='b'>00037960527</subfield>
        <subfield code='p'>099#9</subfield>
        <subfield code='q'>|aDVD-519</subfield>
      </datafield>
      <datafield ind1='0' ind2='0' tag='999'>
        <subfield code='a'>2010-10-12 00:00:00-04</subfield>
        <subfield code='c'>2010-09-27 13:00:00-04</subfield>
        <subfield code='u'>2017-11-15 15:01:47-05</subfield>
      </datafield>
  </record>