
  <record>
    <leader>00000ccm  2200385 a 4500</leader>
      <controlfield tag='008'>911204s187u    it opz         n    zxx c</controlfield>
      <controlfield tag='001'>24891664</controlfield>
      <controlfield tag='003'>OCoLC</controlfield>
      <controlfield tag='005'>20110427104020.0</controlfield>
      <datafield ind1=' ' ind2=' ' tag='019'>
        <subfield code='a'>694575974</subfield>
      </datafield>
      <datafield ind1='2' ind2='2' tag='028'>
        <subfield code='a'>42219</subfield>
        <subfield code='b'>G. Ricordi</subfield>
      </datafield>
      <datafield ind1=' ' ind2=' ' tag='035'>
        <subfield code='a'>(OCoLC)24891664</subfield>
        <subfield code='z'>(OCoLC)694575974</subfield>
      </datafield>
      <datafield ind1=' ' ind2=' ' tag='040'>
        <subfield code='a'>RER</subfield>
        <subfield code='c'>RER</subfield>
        <subfield code='d'>OCLCQ</subfield>
        <subfield code='d'>IUL</subfield>
        <subfield code='d'>RES</subfield>
        <subfield code='d'>NOC</subfield>
      </datafield>
      <datafield ind1=' ' ind2=' ' tag='042'>
        <subfield code='a'>pcc</subfield>
      </datafield>
      <datafield ind1='0' ind2=' ' tag='045'>
        <subfield code='b'>d1865</subfield>
      </datafield>
      <datafield ind1=' ' ind2=' ' tag='048'>
        <subfield code='a'>ka01</subfield>
      </datafield>
      <datafield ind1=' ' ind2=' ' tag='049'>
        <subfield code='a'>OFC1</subfield>
      </datafield>
      <datafield ind1='1' ind2=' ' tag='100'>
        <subfield code='a'>Verdi, Giuseppe,</subfield>
        <subfield code='d'>1813-1901.</subfield>
      </datafield>
      <datafield ind1='1' ind2='0' tag='240'>
        <subfield code='a'>Macbeth;</subfield>
        <subfield code='o'>arranged</subfield>
      </datafield>
      <datafield ind1='1' ind2='0' tag='245'>
        <subfield code='a'>Macbeth :</subfield>
        <subfield code='b'>melodramma in quattro atti /</subfield>
        <subfield code='c'>di Francesco Maria Piave ; musica di Giuseppe Verdi ; pianoforte solo.</subfield>
      </datafield>
      <datafield ind1=' ' ind2=' ' tag='260'>
        <subfield code='a'>Milano ;</subfield>
        <subfield code='a'>New York :</subfield>
        <subfield code='b'>G. Ricordi,</subfield>
        <subfield code='c'>[187-?]</subfield>
      </datafield>
      <datafield ind1=' ' ind2=' ' tag='300'>
        <subfield code='a'>1 piano score (116 p.) ;</subfield>
        <subfield code='c'>28 cm.</subfield>
      </datafield>
      <datafield ind1=' ' ind2=' ' tag='500'>
        <subfield code='a'>&quot;Opera completa&quot; based on William Shakespeare&apos;s play Macbeth.</subfield>
      </datafield>
      <datafield ind1=' ' ind2=' ' tag='500'>
        <subfield code='a'>Composed March 14, 1847; revision composed April 21, 1865.</subfield>
      </datafield>
      <datafield ind1=' ' ind2=' ' tag='500'>
        <subfield code='a'>On t.p.: Riformato pel [i.e. del] Teatro Lirico di Parigi ed ivi rappresentato il 19 aprile 1865.</subfield>
      </datafield>
      <datafield ind1=' ' ind2=' ' tag='500'>
        <subfield code='a'>Locally bound with: Il trovatore : dramma lirico in quattro atti / di Salvatore Cammarano ; musica di Giuseppe Verdi.</subfield>
      </datafield>
      <datafield ind1=' ' ind2='0' tag='650'>
        <subfield code='a'>Operas</subfield>
        <subfield code='v'>Piano scores.</subfield>
      </datafield>
      <datafield ind1='1' ind2=' ' tag='700'>
        <subfield code='a'>Piave, Francesco Maria,</subfield>
        <subfield code='d'>1810-1876.</subfield>
        <subfield code='4'>lbt</subfield>
      </datafield>
      <datafield ind1='1' ind2=' ' tag='700'>
        <subfield code='a'>Shakespeare, William,</subfield>
        <subfield code='d'>1564-1616.</subfield>
        <subfield code='t'>Macbeth.</subfield>
      </datafield>
      <datafield ind1=' ' ind2=' ' tag='907'>
        <subfield code='a'>b6640935</subfield>
      </datafield>
      <datafield ind1='9' ind2='1' tag='999'>
        <subfield code='i'>i6515738</subfield>
        <subfield code='l'>mmda</subfield>
        <subfield code='s'>-</subfield>
        <subfield code='t'>45</subfield>
        <subfield code='c'>1</subfield>
        <subfield code='o'>1</subfield>
        <subfield code='b'>00039788774</subfield>
        <subfield code='p'>092##</subfield>
        <subfield code='q'>|aM786.49|bV484t</subfield>
      </datafield>
      <datafield ind1='0' ind2='0' tag='999'>
        <subfield code='a'>2011-04-27 00:00:00-04</subfield>
        <subfield code='c'>2011-04-27 10:52:00-04</subfield>
        <subfield code='u'>2013-10-30 16:13:18-04</subfield>
      </datafield>
  </record>