
  <record>
    <leader>00000cgm a2200601Ii 4500</leader>
      <controlfield tag='006'>m||||||||c||||||||</controlfield>
      <controlfield tag='008'>051123s2005    enk164        o  |vlita d</controlfield>
      <controlfield tag='007'>vz||zazu|</controlfield>
      <controlfield tag='007'>cr||n|---||a|a</controlfield>
      <controlfield tag='001'>ASP581257/opiv</controlfield>
      <controlfield tag='003'>VaAlASP</controlfield>
      <controlfield tag='005'>2010051719031.0</controlfield>
      <datafield ind1='1' ind2=' ' tag='024'>
        <subfield code='a'>809478009221</subfield>
      </datafield>
      <datafield ind1='4' ind2='2' tag='028'>
        <subfield code='a'>OA 0922 D</subfield>
        <subfield code='b'>Opus Arte</subfield>
      </datafield>
      <datafield ind1=' ' ind2=' ' tag='035'>
        <subfield code='a'>(OCoLC)649688861</subfield>
      </datafield>
      <datafield ind1=' ' ind2=' ' tag='040'>
        <subfield code='a'>CIN</subfield>
        <subfield code='c'>CIN</subfield>
        <subfield code='d'>VaAlASP</subfield>
      </datafield>
      <datafield ind1='1' ind2=' ' tag='041'>
        <subfield code='d'>ita</subfield>
        <subfield code='b'>eng</subfield>
        <subfield code='b'>fre</subfield>
        <subfield code='b'>ger</subfield>
        <subfield code='b'>spa</subfield>
        <subfield code='b'>ita</subfield>
        <subfield code='b'>cat</subfield>
        <subfield code='h'>ita</subfield>
        <subfield code='g'>eng</subfield>
        <subfield code='g'>fre</subfield>
        <subfield code='g'>ger</subfield>
      </datafield>
      <datafield ind1='1' ind2='4' tag='050'>
        <subfield code='a'>M1500.V47</subfield>
        <subfield code='b'>M33 2005</subfield>
      </datafield>
      <datafield ind1='0' ind2='4' tag='082'>
        <subfield code='a'>782.1</subfield>
        <subfield code='2'>22</subfield>
      </datafield>
      <datafield ind1='1' ind2=' ' tag='100'>
        <subfield code='a'>Verdi, Giuseppe,</subfield>
        <subfield code='d'>1813-1901.</subfield>
      </datafield>
      <datafield ind1='1' ind2='0' tag='240'>
        <subfield code='a'>Macbeth</subfield>
      </datafield>
      <datafield ind1='1' ind2='0' tag='245'>
        <subfield code='a'>Macbeth</subfield>
        <subfield code='h'>[electronic resource] /</subfield>
        <subfield code='c'>by Giuseppe Verdi ; from the Gran Teatre del Liceu, a Gran Teatre del Liceu, Opus Arte production.</subfield>
      </datafield>
      <datafield ind1=' ' ind2=' ' tag='260'>
        <subfield code='a'>Waldron, England, U.K. :</subfield>
        <subfield code='b'>Opus Arte,</subfield>
        <subfield code='c'>c2005.</subfield>
      </datafield>
      <datafield ind1=' ' ind2=' ' tag='300'>
        <subfield code='a'>1 streaming video (164 min.)</subfield>
      </datafield>
      <datafield ind1=' ' ind2=' ' tag='500'>
        <subfield code='a'>Opera in 4 acts; libretto by Francesco Maria Piave, after the play by Shakespeare.</subfield>
      </datafield>
      <datafield ind1=' ' ind2=' ' tag='500'>
        <subfield code='a'>Program notes in Enlish, French, and German.</subfield>
      </datafield>
      <datafield ind1='1' ind2=' ' tag='506'>
        <subfield code='a'>Access limited to UNC Chapel Hill-authenticated users.</subfield>
        <subfield code='f'>Unlimited simultaneous users</subfield>
      </datafield>
      <datafield ind1=' ' ind2=' ' tag='546'>
        <subfield code='a'>Sung in Italian, with subtitles in English, German, French, Italian, Spanish, and Catalan.</subfield>
      </datafield>
      <datafield ind1=' ' ind2='7' tag='655'>
        <subfield code='a'>Operas.</subfield>
        <subfield code='2'>lcgft</subfield>
      </datafield>
      <datafield ind1=' ' ind2='7' tag='655'>
        <subfield code='a'>Music videos.</subfield>
        <subfield code='2'>lcgft</subfield>
      </datafield>
      <datafield ind1='1' ind2=' ' tag='700'>
        <subfield code='a'>Piave, Francesco Maria,</subfield>
        <subfield code='d'>1810-1876.</subfield>
        <subfield code='4'>lbt</subfield>
      </datafield>
      <datafield ind1='1' ind2=' ' tag='700'>
        <subfield code='a'>Álvarez, Carlos,</subfield>
        <subfield code='d'>1963-</subfield>
        <subfield code='4'>prf</subfield>
      </datafield>
      <datafield ind1='1' ind2=' ' tag='700'>
        <subfield code='a'>Scandiuzzi, Roberto,</subfield>
        <subfield code='d'>1958-</subfield>
        <subfield code='4'>prf</subfield>
      </datafield>
      <datafield ind1='1' ind2=' ' tag='700'>
        <subfield code='a'>Guleghina, Maria.</subfield>
      </datafield>
      <datafield ind1='1' ind2=' ' tag='700'>
        <subfield code='a'>Berti, Marco,</subfield>
        <subfield code='d'>1962-</subfield>
        <subfield code='4'>prf</subfield>
      </datafield>
      <datafield ind1='1' ind2=' ' tag='700'>
        <subfield code='a'>Palacios, Xabier.</subfield>
      </datafield>
      <datafield ind1='1' ind2=' ' tag='700'>
        <subfield code='a'>Campanella, Bruno,</subfield>
        <subfield code='d'>1943-</subfield>
        <subfield code='4'>cnd</subfield>
      </datafield>
      <datafield ind1='1' ind2=' ' tag='700'>
        <subfield code='a'>Lloyd, Phyllida.</subfield>
      </datafield>
      <datafield ind1='1' ind2=' ' tag='700'>
        <subfield code='a'>Ward, Anthony,</subfield>
        <subfield code='d'>1957-</subfield>
      </datafield>
      <datafield ind1='1' ind2=' ' tag='700'>
        <subfield code='a'>Constable, Paule.</subfield>
      </datafield>
      <datafield ind1='1' ind2=' ' tag='700'>
        <subfield code='a'>Bargalló, Toni.</subfield>
      </datafield>
      <datafield ind1='1' ind2=' ' tag='700'>
        <subfield code='a'>Shakespeare, William,</subfield>
        <subfield code='d'>1564-1616.</subfield>
        <subfield code='t'>Macbeth.</subfield>
      </datafield>
      <datafield ind1='2' ind2=' ' tag='710'>
        <subfield code='a'>Gran Teatre del Liceu (Barcelona, Spain)</subfield>
        <subfield code='4'>prf</subfield>
      </datafield>
      <datafield ind1='2' ind2=' ' tag='710'>
        <subfield code='a'>Opus Arte (Firm)</subfield>
      </datafield>
      <datafield ind1='0' ind2=' ' tag='773'>
        <subfield code='t'>Opera in video (online collection)</subfield>
      </datafield>
      <datafield ind1='4' ind2='0' tag='856'>
        <subfield code='y'>Streaming video available via the UNC-Chapel Hill Libraries</subfield>
        <subfield code='u'>http://libproxy.lib.unc.edu/login?url=https://www.aspresolver.com/aspresolver.asp?OPIV;581257</subfield>
        <subfield code='x'>Opera in video</subfield>
      </datafield>
      <datafield ind1=' ' ind2=' ' tag='919'>
        <subfield code='a'>filmfinder</subfield>
      </datafield>
      <datafield ind1=' ' ind2=' ' tag='907'>
        <subfield code='a'>b6752466</subfield>
      </datafield>
      <datafield ind1='0' ind2='0' tag='999'>
        <subfield code='a'>2011-06-15 00:00:00-04</subfield>
        <subfield code='c'>2011-06-15 17:16:00-04</subfield>
        <subfield code='u'>2017-12-01 08:55:24-05</subfield>
      </datafield>
  </record>