
  <record>
    <leader>00000cgm a2200781Ia 4500</leader>
      <controlfield tag='007'>vd cvaizq</controlfield>
      <controlfield tag='008'>120105p20122011enk193 e          vuita d</controlfield>
      <controlfield tag='001'>783796144</controlfield>
      <controlfield tag='003'>OCoLC</controlfield>
      <controlfield tag='005'>20120502094326.0</controlfield>
      <datafield ind1='1' ind2='0' tag='024'>
        <subfield code='a'>809478010630</subfield>
      </datafield>
      <datafield ind1='4' ind2='2' tag='028'>
        <subfield code='a'>OA1063D</subfield>
        <subfield code='b'>Opus Arte</subfield>
      </datafield>
      <datafield ind1='0' ind2=' ' tag='029'>
        <subfield code='a'>UKBOR</subfield>
        <subfield code='b'>126542139</subfield>
      </datafield>
      <datafield ind1=' ' ind2=' ' tag='035'>
        <subfield code='a'>(OCoLC)783796144</subfield>
      </datafield>
      <datafield ind1=' ' ind2=' ' tag='040'>
        <subfield code='a'>UKBOR</subfield>
        <subfield code='c'>UKBOR</subfield>
        <subfield code='d'>UIU</subfield>
      </datafield>
      <datafield ind1='0' ind2=' ' tag='041'>
        <subfield code='a'>ita</subfield>
        <subfield code='j'>eng</subfield>
        <subfield code='j'>fre</subfield>
        <subfield code='j'>ger</subfield>
        <subfield code='j'>ita</subfield>
        <subfield code='j'>spa</subfield>
        <subfield code='h'>ita</subfield>
      </datafield>
      <datafield ind1=' ' ind2=' ' tag='049'>
        <subfield code='a'>[Digital][Video][Disc]NOC3</subfield>
      </datafield>
      <datafield ind1='0' ind2='4' tag='082'>
        <subfield code='a'>782.1</subfield>
      </datafield>
      <datafield ind1='0' ind2='0' tag='245'>
        <subfield code='a'>Macbeth</subfield>
        <subfield code='h'>[videorecording] :</subfield>
        <subfield code='b'>music, Giuseppe Verdi ; Royal Opera House Cinema Season in association with Bank of America, Merrill Lynch, co-production with L&apos;Opera National de Paris.</subfield>
      </datafield>
      <datafield ind1=' ' ind2=' ' tag='260'>
        <subfield code='a'>[Waldron, Heathfield, East Sussex] :</subfield>
        <subfield code='b'>Opus Arte,</subfield>
        <subfield code='c'>c2012.</subfield>
      </datafield>
      <datafield ind1=' ' ind2=' ' tag='300'>
        <subfield code='a'>1 videodisc (170 min.) :</subfield>
        <subfield code='b'>sd., col. ; 4 3/4 in.</subfield>
      </datafield>
      <datafield ind1=' ' ind2=' ' tag='306'>
        <subfield code='a'>031300</subfield>
      </datafield>
      <datafield ind1=' ' ind2=' ' tag='500'>
        <subfield code='a'>Opera in four acts.</subfield>
      </datafield>
      <datafield ind1=' ' ind2=' ' tag='500'>
        <subfield code='a'>Libretto by Francesco Maria Piave after the play by William Shakespeare.</subfield>
      </datafield>
      <datafield ind1=' ' ind2=' ' tag='500'>
        <subfield code='a'>Run time: approx. 170 min.</subfield>
      </datafield>
      <datafield ind1=' ' ind2=' ' tag='500'>
        <subfield code='a'>Bonus material: interviews (Simon Keeleyside, Raymond Aceto, Liudmyla Monastryrska); Rehearsing Macbeth with Antonio Pappano; image gallery.</subfield>
      </datafield>
      <datafield ind1=' ' ind2=' ' tag='500'>
        <subfield code='a'>Program notes in English, French and German (23 p. : ill.) inserted in container.</subfield>
      </datafield>
      <datafield ind1=' ' ind2=' ' tag='508'>
        <subfield code='a'>Phyllida Lloyd, stage director ; Harry Fehr, revival director ; Anthony Ward, designs ; Paule Constable, lighting design ; Sue Judd, screen director.</subfield>
      </datafield>
      <datafield ind1='0' ind2=' ' tag='511'>
        <subfield code='a'>Simon Keenlyside (Macbeth) ; Raymond Aceto (Banquo) ; Liudmyla Monastyrska (Lady Macbeth) ; supporting soloists ; Royal Opera Chorus ; Orchestra of the Royal Opera House ; Antonio Pappano, conductor.</subfield>
      </datafield>
      <datafield ind1=' ' ind2=' ' tag='518'>
        <subfield code='a'>Recorded at the Royal Opera House, Covent Garden, 13 June 2011.</subfield>
      </datafield>
      <datafield ind1=' ' ind2=' ' tag='520'>
        <subfield code='a'>A manipulative wife whose desire to gain the Scottish throne drives her husband to murder and leaves both with blood on their hands.</subfield>
      </datafield>
      <datafield ind1=' ' ind2=' ' tag='538'>
        <subfield code='a'>DVD-9; NTSC; audio formats Dolby digital 2:0, DTS surround; picture format 16:9; all regions.</subfield>
      </datafield>
      <datafield ind1=' ' ind2=' ' tag='546'>
        <subfield code='a'>Sung in Italian with subtitles in English, French, German, Italian, and Spanish.</subfield>
      </datafield>
      <datafield ind1=' ' ind2='7' tag='655'>
        <subfield code='a'>Filmed operas.</subfield>
        <subfield code='2'>lcgft</subfield>
      </datafield>
      <datafield ind1=' ' ind2='7' tag='655'>
        <subfield code='a'>Film adaptations.</subfield>
        <subfield code='2'>local</subfield>
      </datafield>
      <datafield ind1=' ' ind2='7' tag='655'>
        <subfield code='a'>British Literature</subfield>
        <subfield code='x'>Adaptations.</subfield>
        <subfield code='2'>local</subfield>
      </datafield>
      <datafield ind1=' ' ind2='7' tag='655'>
        <subfield code='a'>Drama.</subfield>
        <subfield code='2'>local</subfield>
      </datafield>
      <datafield ind1=' ' ind2='7' tag='655'>
        <subfield code='a'>Opera &amp; Operettas.</subfield>
        <subfield code='2'>local</subfield>
      </datafield>
      <datafield ind1=' ' ind2='7' tag='655'>
        <subfield code='a'>Shakespeare on film.</subfield>
        <subfield code='2'>local</subfield>
      </datafield>
      <datafield ind1=' ' ind2='7' tag='655'>
        <subfield code='a'>Theater - Plays.</subfield>
        <subfield code='2'>local</subfield>
      </datafield>
      <datafield ind1='1' ind2=' ' tag='700'>
        <subfield code='a'>Piave, Francesco Maria,</subfield>
        <subfield code='d'>1810-1876.</subfield>
      </datafield>
      <datafield ind1='1' ind2=' ' tag='700'>
        <subfield code='a'>Keenlyside, Simon.</subfield>
      </datafield>
      <datafield ind1='1' ind2=' ' tag='700'>
        <subfield code='a'>Aceto, Raymond.</subfield>
      </datafield>
      <datafield ind1='1' ind2=' ' tag='700'>
        <subfield code='a'>Monastryrska, Liudmyla.</subfield>
      </datafield>
      <datafield ind1='1' ind2=' ' tag='700'>
        <subfield code='a'>Pappano, Antonio,</subfield>
        <subfield code='d'>1959-</subfield>
      </datafield>
      <datafield ind1='1' ind2=' ' tag='700'>
        <subfield code='a'>Lloyd, Phyllida.</subfield>
      </datafield>
      <datafield ind1='1' ind2=' ' tag='700'>
        <subfield code='a'>Fehr, Harry.</subfield>
      </datafield>
      <datafield ind1='1' ind2=' ' tag='700'>
        <subfield code='a'>Ward, Anthony,</subfield>
        <subfield code='d'>1957-</subfield>
      </datafield>
      <datafield ind1='1' ind2=' ' tag='700'>
        <subfield code='a'>Constable, Paule.</subfield>
      </datafield>
      <datafield ind1='1' ind2=' ' tag='700'>
        <subfield code='a'>Judd, Sue</subfield>
        <subfield code='c'>(Producer)</subfield>
      </datafield>
      <datafield ind1='1' ind2=' ' tag='700'>
        <subfield code='a'>Shakespeare, William,</subfield>
        <subfield code='d'>1564-1616.</subfield>
        <subfield code='t'>Macbeth.</subfield>
      </datafield>
      <datafield ind1='1' ind2='2' tag='700'>
        <subfield code='a'>Verdi, Giuseppe,</subfield>
        <subfield code='d'>1813-1901.</subfield>
        <subfield code='t'>Macbeth.</subfield>
      </datafield>
      <datafield ind1='2' ind2=' ' tag='710'>
        <subfield code='a'>Royal Opera House (London, England).</subfield>
        <subfield code='b'>Chorus.</subfield>
      </datafield>
      <datafield ind1='2' ind2=' ' tag='710'>
        <subfield code='a'>Royal Opera House (London, England).</subfield>
        <subfield code='b'>Orchestra.</subfield>
      </datafield>
      <datafield ind1='2' ind2=' ' tag='710'>
        <subfield code='a'>Royal Opera House (London, England)</subfield>
      </datafield>
      <datafield ind1='2' ind2=' ' tag='710'>
        <subfield code='a'>Bank of America.</subfield>
      </datafield>
      <datafield ind1='2' ind2=' ' tag='710'>
        <subfield code='a'>Merrill Lynch &amp; Co. (1973- )</subfield>
      </datafield>
      <datafield ind1='2' ind2=' ' tag='710'>
        <subfield code='a'>Opéra national de Paris.</subfield>
      </datafield>
      <datafield ind1=' ' ind2=' ' tag='907'>
        <subfield code='a'>b7069011</subfield>
      </datafield>
      <datafield ind1='9' ind2='1' tag='999'>
        <subfield code='i'>i9557238</subfield>
        <subfield code='l'>uldal</subfield>
        <subfield code='s'>o</subfield>
        <subfield code='t'>60</subfield>
        <subfield code='c'>1</subfield>
        <subfield code='o'>0</subfield>
        <subfield code='b'>00043091377</subfield>
        <subfield code='p'>099#9</subfield>
        <subfield code='q'>|a65-DVD14431</subfield>
      </datafield>
      <datafield ind1='9' ind2='1' tag='999'>
        <subfield code='i'>i9557239</subfield>
        <subfield code='l'>uldal</subfield>
        <subfield code='s'>o</subfield>
        <subfield code='t'>60</subfield>
        <subfield code='c'>1</subfield>
        <subfield code='o'>0</subfield>
        <subfield code='b'>00043091509</subfield>
        <subfield code='p'>099#9</subfield>
        <subfield code='q'>|a65-DVD14431</subfield>
        <subfield code='v'>booklet</subfield>
      </datafield>
      <datafield ind1='0' ind2='0' tag='999'>
        <subfield code='a'>2012-05-02 00:00:00-04</subfield>
        <subfield code='c'>2012-03-23 12:31:00-04</subfield>
        <subfield code='u'>2017-11-15 15:02:22-05</subfield>
      </datafield>
  </record>