
  <record>
    <leader>00000cgm a2201165Ia 4500</leader>
      <controlfield tag='008'>030529p20031957nyu109 g          vljpn d</controlfield>
      <controlfield tag='007'>vd bvaizm</controlfield>
      <controlfield tag='001'>52338123</controlfield>
      <controlfield tag='003'>OCoLC</controlfield>
      <controlfield tag='005'>20120628110423.0</controlfield>
      <datafield ind1=' ' ind2=' ' tag='019'>
        <subfield code='a'>54540771</subfield>
      </datafield>
      <datafield ind1=' ' ind2=' ' tag='020'>
        <subfield code='a'>0780026446</subfield>
      </datafield>
      <datafield ind1=' ' ind2=' ' tag='020'>
        <subfield code='a'>9780780026445</subfield>
      </datafield>
      <datafield ind1='1' ind2='0' tag='024'>
        <subfield code='a'>037429175828</subfield>
      </datafield>
      <datafield ind1='4' ind2='0' tag='028'>
        <subfield code='a'>THR130</subfield>
        <subfield code='b'>Criterion Collection</subfield>
      </datafield>
      <datafield ind1='1' ind2=' ' tag='029'>
        <subfield code='a'>NZ1</subfield>
        <subfield code='b'>8011780</subfield>
      </datafield>
      <datafield ind1='1' ind2=' ' tag='029'>
        <subfield code='a'>AU@</subfield>
        <subfield code='b'>000015793842</subfield>
      </datafield>
      <datafield ind1='1' ind2=' ' tag='029'>
        <subfield code='a'>AU@</subfield>
        <subfield code='b'>000026297524</subfield>
      </datafield>
      <datafield ind1='1' ind2=' ' tag='029'>
        <subfield code='a'>AU@</subfield>
        <subfield code='b'>000026331537</subfield>
      </datafield>
      <datafield ind1=' ' ind2=' ' tag='035'>
        <subfield code='a'>(OCoLC)52338123</subfield>
        <subfield code='z'>(OCoLC)54540771</subfield>
      </datafield>
      <datafield ind1=' ' ind2=' ' tag='040'>
        <subfield code='a'>CLO</subfield>
        <subfield code='c'>CLO</subfield>
        <subfield code='d'>AIC</subfield>
        <subfield code='d'>OCLCQ</subfield>
        <subfield code='d'>XFF</subfield>
        <subfield code='d'>RCS</subfield>
        <subfield code='d'>OCLCQ</subfield>
        <subfield code='d'>JED</subfield>
        <subfield code='d'>OCLCQ</subfield>
        <subfield code='d'>OCL</subfield>
        <subfield code='d'>UUC</subfield>
        <subfield code='d'>OCLCQ</subfield>
        <subfield code='d'>RCS</subfield>
        <subfield code='d'>OCLCQ</subfield>
        <subfield code='d'>UXG</subfield>
        <subfield code='d'>XY4</subfield>
        <subfield code='d'>ITJCU</subfield>
        <subfield code='d'>OCLCQ</subfield>
        <subfield code='d'>RCS</subfield>
        <subfield code='d'>SXP</subfield>
        <subfield code='d'>UBF</subfield>
        <subfield code='d'>BTCTA</subfield>
        <subfield code='d'>ELW</subfield>
        <subfield code='d'>FXN</subfield>
        <subfield code='d'>NJT</subfield>
        <subfield code='d'>MBV</subfield>
        <subfield code='d'>OCLCA</subfield>
        <subfield code='d'>IBI</subfield>
        <subfield code='d'>NJT</subfield>
        <subfield code='d'>OCLCA</subfield>
        <subfield code='d'>VRC</subfield>
      </datafield>
      <datafield ind1='1' ind2=' ' tag='041'>
        <subfield code='a'>jpn</subfield>
        <subfield code='j'>eng</subfield>
        <subfield code='h'>jpn</subfield>
      </datafield>
      <datafield ind1=' ' ind2=' ' tag='043'>
        <subfield code='a'>a-ja---</subfield>
      </datafield>
      <datafield ind1=' ' ind2=' ' tag='049'>
        <subfield code='a'>[Digital][Video][Disc]NOC3</subfield>
      </datafield>
      <datafield ind1='1' ind2='4' tag='050'>
        <subfield code='a'>PN1997</subfield>
        <subfield code='b'>.K86 2003</subfield>
      </datafield>
      <datafield ind1=' ' ind2=' ' tag='066'>
        <subfield code='c'>$1</subfield>
      </datafield>
      <datafield ind1='0' ind2='4' tag='082'>
        <subfield code='a'>791.43/72</subfield>
        <subfield code='2'>22</subfield>
      </datafield>
      <datafield ind1='0' ind2='0' tag='245'>
        <subfield code='6'>880-01</subfield>
        <subfield code='a'>Kumonosujō</subfield>
        <subfield code='h'>[videorecording] =</subfield>
        <subfield code='b'>Throne of blood (Spider&apos;s web castle) /</subfield>
        <subfield code='c'>Janus Films ; Tōhō Kabushiki Kaisha ; producers, Kurowasa Akira, Motoki Sojiro ; screenplay, Oguni Hideo ... [et al.] ; director, Kurosawa Akira.</subfield>
      </datafield>
      <datafield ind1='3' ind2='1' tag='246'>
        <subfield code='a'>Throne of blood (Spider&apos;s web castle)</subfield>
      </datafield>
      <datafield ind1='1' ind2=' ' tag='246'>
        <subfield code='i'>English title on disc label:</subfield>
        <subfield code='a'>Akira Kurosawa&apos;s Throne of blood</subfield>
      </datafield>
      <datafield ind1='3' ind2=' ' tag='246'>
        <subfield code='a'>Throne of blood</subfield>
      </datafield>
      <datafield ind1=' ' ind2=' ' tag='250'>
        <subfield code='a'>Widescreen.</subfield>
      </datafield>
      <datafield ind1=' ' ind2=' ' tag='260'>
        <subfield code='a'>[Irvington, NY] :</subfield>
        <subfield code='b'>Criterion Collection,</subfield>
        <subfield code='c'>c2003.</subfield>
      </datafield>
      <datafield ind1=' ' ind2=' ' tag='300'>
        <subfield code='a'>1 videodisc (109 min.) :</subfield>
        <subfield code='b'>sd., b&amp;w ;</subfield>
        <subfield code='c'>4 3/4 in. +</subfield>
        <subfield code='e'>1 booklet (unpaged : col. ill. ; 19 cm.).</subfield>
      </datafield>
      <datafield ind1=' ' ind2=' ' tag='500'>
        <subfield code='a'>Originally released as a motion picture in 1957.</subfield>
      </datafield>
      <datafield ind1=' ' ind2=' ' tag='500'>
        <subfield code='a'>Run time: approx. 109 min</subfield>
      </datafield>
      <datafield ind1=' ' ind2=' ' tag='500'>
        <subfield code='a'>Special features: Audio commentary by Japanese film expert Michael Jeck ; original theatrical trailer ; new essay by Stephen Prince (The warrior&apos;s camera : the cinema of Akira Kurowawa) ; 2 different subtitle translations, one by Linda Hoaglund, the other by Donald Richie ; notes on subtitling.</subfield>
      </datafield>
      <datafield ind1='1' ind2=' ' tag='505'>
        <subfield code='a'>Features: Restored image and sound -- Audio commentary by Japanese film expert Michael Jeck -- Original theatrical trailer -- New essay by Stephen Prince: the warrior&apos;s camera: the cinema of Akira Kurowawa -- 2 different subtitle translations -- Notes on subtitling.</subfield>
      </datafield>
      <datafield ind1=' ' ind2=' ' tag='508'>
        <subfield code='a'>Original music,  Masaru Sato.</subfield>
      </datafield>
      <datafield ind1='1' ind2=' ' tag='511'>
        <subfield code='a'>Toshirō Mifune, Isuzu Yamada , Akira Kubo, Minoru Chiaki, Takashi Shimura, Chieko Naniwa.</subfield>
      </datafield>
      <datafield ind1=' ' ind2=' ' tag='520'>
        <subfield code='a'>Adaptation of Shakespeare&apos;s Macbeth, set in feudal Japan. Tells the story of a Samurai lord who kills his master and usurps his power in fulfillment of a witch&apos;s prophecy.</subfield>
      </datafield>
      <datafield ind1='8' ind2=' ' tag='521'>
        <subfield code='a'>Not rated.</subfield>
      </datafield>
      <datafield ind1=' ' ind2=' ' tag='538'>
        <subfield code='a'>DVD, Region 1, NTSC; Dolby Digital mono.</subfield>
      </datafield>
      <datafield ind1=' ' ind2=' ' tag='546'>
        <subfield code='a'>In Japanese with optional English subtitles.</subfield>
      </datafield>
      <datafield ind1=' ' ind2='0' tag='650'>
        <subfield code='a'>Samurai</subfield>
        <subfield code='z'>Japan</subfield>
        <subfield code='v'>Drama.</subfield>
      </datafield>
      <datafield ind1=' ' ind2='7' tag='655'>
        <subfield code='a'>Samurai films.</subfield>
        <subfield code='2'>lcgft</subfield>
      </datafield>
      <datafield ind1=' ' ind2='7' tag='655'>
        <subfield code='a'>Action and adventure films.</subfield>
        <subfield code='2'>lcgft</subfield>
      </datafield>
      <datafield ind1=' ' ind2='7' tag='655'>
        <subfield code='a'>Film adaptations.</subfield>
        <subfield code='2'>lcgft</subfield>
      </datafield>
      <datafield ind1=' ' ind2='7' tag='655'>
        <subfield code='a'>Fiction films.</subfield>
        <subfield code='2'>lcgft</subfield>
      </datafield>
      <datafield ind1=' ' ind2='7' tag='655'>
        <subfield code='a'>Feature films.</subfield>
        <subfield code='2'>lcgft</subfield>
      </datafield>
      <datafield ind1=' ' ind2='7' tag='655'>
        <subfield code='a'>Criterion Collection Edition.</subfield>
        <subfield code='2'>local</subfield>
      </datafield>
      <datafield ind1=' ' ind2='7' tag='655'>
        <subfield code='a'>Japanese Cinema.</subfield>
        <subfield code='2'>local</subfield>
      </datafield>
      <datafield ind1=' ' ind2='7' tag='655'>
        <subfield code='a'>Drama.</subfield>
        <subfield code='2'>local</subfield>
      </datafield>
      <datafield ind1=' ' ind2='7' tag='655'>
        <subfield code='a'>Historical Drama.</subfield>
        <subfield code='2'>local</subfield>
      </datafield>
      <datafield ind1=' ' ind2='7' tag='655'>
        <subfield code='a'>Action &amp; Adventure.</subfield>
        <subfield code='2'>local</subfield>
      </datafield>
      <datafield ind1=' ' ind2='7' tag='655'>
        <subfield code='a'>Foreign films</subfield>
        <subfield code='z'>Japan.</subfield>
        <subfield code='2'>local</subfield>
      </datafield>
      <datafield ind1=' ' ind2=' ' tag='691'>
        <subfield code='a'>Japan.</subfield>
      </datafield>
      <datafield ind1='1' ind2=' ' tag='700'>
        <subfield code='6'>880-02</subfield>
        <subfield code='a'>Oguni, Hideo,</subfield>
        <subfield code='d'>1904-1996.</subfield>
        <subfield code='4'>aus</subfield>
      </datafield>
      <datafield ind1='1' ind2=' ' tag='700'>
        <subfield code='6'>880-03</subfield>
        <subfield code='a'>Kurosawa, Akira,</subfield>
        <subfield code='d'>1910-1998.</subfield>
        <subfield code='4'>drt</subfield>
        <subfield code='4'>pro</subfield>
      </datafield>
      <datafield ind1='1' ind2=' ' tag='700'>
        <subfield code='6'>880-04</subfield>
        <subfield code='a'>Motoki, Sōjirō.</subfield>
        <subfield code='4'>pro</subfield>
      </datafield>
      <datafield ind1='1' ind2=' ' tag='700'>
        <subfield code='6'>880-05</subfield>
        <subfield code='a'>Mifune, Toshirō,</subfield>
        <subfield code='d'>1920-1997.</subfield>
      </datafield>
      <datafield ind1='1' ind2=' ' tag='700'>
        <subfield code='6'>880-06</subfield>
        <subfield code='a'>Yamada, Isuzu,</subfield>
        <subfield code='d'>1917-2012.</subfield>
      </datafield>
      <datafield ind1='1' ind2=' ' tag='700'>
        <subfield code='6'>880-07</subfield>
        <subfield code='a'>Kubo, Akira.</subfield>
      </datafield>
      <datafield ind1='1' ind2=' ' tag='700'>
        <subfield code='6'>880-08</subfield>
        <subfield code='a'>Chiaki, Minoru,</subfield>
        <subfield code='d'>1917-1999.</subfield>
      </datafield>
      <datafield ind1='1' ind2=' ' tag='700'>
        <subfield code='6'>880-09</subfield>
        <subfield code='a'>Shimura, Takashi,</subfield>
        <subfield code='d'>1905-1982.</subfield>
      </datafield>
      <datafield ind1='1' ind2=' ' tag='700'>
        <subfield code='6'>880-10</subfield>
        <subfield code='a'>Naniwa, Chieko.</subfield>
      </datafield>
      <datafield ind1='1' ind2=' ' tag='700'>
        <subfield code='6'>880-11</subfield>
        <subfield code='a'>Satō, Masaru,</subfield>
        <subfield code='d'>1928-1999.</subfield>
      </datafield>
      <datafield ind1='1' ind2=' ' tag='700'>
        <subfield code='a'>Shakespeare, William,</subfield>
        <subfield code='d'>1564-1616.</subfield>
        <subfield code='t'>Macbeth.</subfield>
      </datafield>
      <datafield ind1='2' ind2=' ' tag='710'>
        <subfield code='a'>Janus Films.</subfield>
      </datafield>
      <datafield ind1='2' ind2=' ' tag='710'>
        <subfield code='6'>880-12</subfield>
        <subfield code='a'>Tōhō Kabushiki Kaisha.</subfield>
      </datafield>
      <datafield ind1='2' ind2=' ' tag='710'>
        <subfield code='a'>Criterion Collection (Firm)</subfield>
      </datafield>
      <datafield ind1=' ' ind2='0' tag='830'>
        <subfield code='a'>Criterion collection ;</subfield>
        <subfield code='v'>190.</subfield>
      </datafield>
      <datafield ind1='0' ind2='0' tag='880'>
        <subfield code='6'>245-01/$1</subfield>
        <subfield code='a'>蜘蛛巢城</subfield>
        <subfield code='h'>[videorecording] =</subfield>
        <subfield code='b'>Throne of blood (Spider&apos;s web castle) /</subfield>
        <subfield code='c'>Janus Films ; 東宝株式会社 ; producers, 黒澤明, 本木荘二郎 ; screenplay, 小国英雄 ... [et al.] ; director, 黒澤明.</subfield>
      </datafield>
      <datafield ind1='1' ind2=' ' tag='880'>
        <subfield code='6'>700-02/$1</subfield>
        <subfield code='a'>小国英雄,</subfield>
        <subfield code='d'>1904-1996.</subfield>
        <subfield code='4'>aus</subfield>
      </datafield>
      <datafield ind1='1' ind2=' ' tag='880'>
        <subfield code='6'>700-03/$1</subfield>
        <subfield code='a'>黒澤明,</subfield>
        <subfield code='d'>1910-1998.</subfield>
        <subfield code='4'>drt</subfield>
        <subfield code='4'>pro</subfield>
      </datafield>
      <datafield ind1='1' ind2=' ' tag='880'>
        <subfield code='6'>700-04/$1</subfield>
        <subfield code='a'>本木荘二郎.</subfield>
        <subfield code='4'>pro</subfield>
      </datafield>
      <datafield ind1='1' ind2=' ' tag='880'>
        <subfield code='6'>700-05/$1</subfield>
        <subfield code='a'>三船敏郎,</subfield>
        <subfield code='d'>1920-1997.</subfield>
      </datafield>
      <datafield ind1='1' ind2=' ' tag='880'>
        <subfield code='6'>700-06/$1</subfield>
        <subfield code='a'>山田五十鈴,</subfield>
        <subfield code='d'>1917-2012.</subfield>
      </datafield>
      <datafield ind1='1' ind2=' ' tag='880'>
        <subfield code='6'>700-07/$1</subfield>
        <subfield code='a'>久保明.</subfield>
      </datafield>
      <datafield ind1='1' ind2=' ' tag='880'>
        <subfield code='6'>700-08/$1</subfield>
        <subfield code='a'>千秋実,</subfield>
        <subfield code='d'>1917-1999.</subfield>
      </datafield>
      <datafield ind1='1' ind2=' ' tag='880'>
        <subfield code='6'>700-09/$1</subfield>
        <subfield code='a'>志村乔,</subfield>
        <subfield code='d'>1905-1982.</subfield>
      </datafield>
      <datafield ind1='1' ind2=' ' tag='880'>
        <subfield code='6'>700-10/$1</subfield>
        <subfield code='a'>浪花千栄子.</subfield>
      </datafield>
      <datafield ind1='1' ind2=' ' tag='880'>
        <subfield code='6'>700-11/$1</subfield>
        <subfield code='a'>佐藤勝,</subfield>
        <subfield code='d'>1928-1999.</subfield>
      </datafield>
      <datafield ind1='2' ind2=' ' tag='880'>
        <subfield code='6'>710-12/$1</subfield>
        <subfield code='a'>東宝株式会社.</subfield>
      </datafield>
      <datafield ind1=' ' ind2=' ' tag='907'>
        <subfield code='a'>b7137901</subfield>
      </datafield>
      <datafield ind1='9' ind2='1' tag='999'>
        <subfield code='i'>i9650550</subfield>
        <subfield code='l'>uldag</subfield>
        <subfield code='s'>-</subfield>
        <subfield code='t'>60</subfield>
        <subfield code='c'>2</subfield>
        <subfield code='o'>24</subfield>
        <subfield code='b'>00043078016</subfield>
        <subfield code='p'>099#9</subfield>
        <subfield code='q'>|a65-DVD14532</subfield>
      </datafield>
      <datafield ind1='9' ind2='1' tag='999'>
        <subfield code='i'>i9650551</subfield>
        <subfield code='l'>uldag</subfield>
        <subfield code='s'>-</subfield>
        <subfield code='t'>60</subfield>
        <subfield code='c'>2</subfield>
        <subfield code='o'>5</subfield>
        <subfield code='b'>00043077981</subfield>
        <subfield code='p'>099#9</subfield>
        <subfield code='q'>|a65-DVD14532</subfield>
        <subfield code='v'>booklet</subfield>
      </datafield>
      <datafield ind1='9' ind2='1' tag='999'>
        <subfield code='i'>i9650549</subfield>
        <subfield code='l'>uldal</subfield>
        <subfield code='s'>o</subfield>
        <subfield code='t'>60</subfield>
        <subfield code='c'>1</subfield>
        <subfield code='o'>2</subfield>
        <subfield code='b'>00043077990</subfield>
        <subfield code='p'>099#9</subfield>
        <subfield code='q'>|a65-DVD14532</subfield>
        <subfield code='v'>booklet</subfield>
      </datafield>
      <datafield ind1='9' ind2='1' tag='999'>
        <subfield code='i'>i9650548</subfield>
        <subfield code='l'>ulba</subfield>
        <subfield code='s'>o</subfield>
        <subfield code='t'>82</subfield>
        <subfield code='c'>1</subfield>
        <subfield code='o'>0</subfield>
        <subfield code='b'>00043078007</subfield>
        <subfield code='p'>099#9</subfield>
        <subfield code='q'>|a65-DVD14532</subfield>
      </datafield>
      <datafield ind1='0' ind2='0' tag='999'>
        <subfield code='a'>2012-06-28 00:00:00-04</subfield>
        <subfield code='c'>2012-06-12 11:24:00-04</subfield>
        <subfield code='u'>2017-11-15 15:01:42-05</subfield>
      </datafield>
  </record>