
  <record>
    <leader>00000cgm a2201021Ia 4500</leader>
      <controlfield tag='008'>020524p20021971cau140 e          vleng d</controlfield>
      <controlfield tag='007'>vd cvaizs</controlfield>
      <controlfield tag='001'>49863217</controlfield>
      <controlfield tag='003'>OCoLC</controlfield>
      <controlfield tag='005'>20120628110053.0</controlfield>
      <datafield ind1=' ' ind2=' ' tag='020'>
        <subfield code='a'>076788163X</subfield>
      </datafield>
      <datafield ind1=' ' ind2=' ' tag='020'>
        <subfield code='a'>9780767881630</subfield>
      </datafield>
      <datafield ind1='1' ind2=' ' tag='024'>
        <subfield code='a'>043396077805</subfield>
      </datafield>
      <datafield ind1='4' ind2='2' tag='028'>
        <subfield code='a'>07780</subfield>
        <subfield code='b'>Columbia TriStar Home Entertainment</subfield>
      </datafield>
      <datafield ind1='1' ind2=' ' tag='029'>
        <subfield code='a'>NLGGC</subfield>
        <subfield code='b'>239785681</subfield>
      </datafield>
      <datafield ind1='1' ind2=' ' tag='029'>
        <subfield code='a'>NZ1</subfield>
        <subfield code='b'>8112053</subfield>
      </datafield>
      <datafield ind1='1' ind2=' ' tag='029'>
        <subfield code='a'>NZ1</subfield>
        <subfield code='b'>10954321</subfield>
      </datafield>
      <datafield ind1='1' ind2=' ' tag='029'>
        <subfield code='a'>AU@</subfield>
        <subfield code='b'>000024155920</subfield>
      </datafield>
      <datafield ind1='1' ind2=' ' tag='029'>
        <subfield code='a'>AU@</subfield>
        <subfield code='b'>000024113094</subfield>
      </datafield>
      <datafield ind1='1' ind2=' ' tag='029'>
        <subfield code='a'>AU@</subfield>
        <subfield code='b'>000043976176</subfield>
      </datafield>
      <datafield ind1='1' ind2=' ' tag='029'>
        <subfield code='a'>AU@</subfield>
        <subfield code='b'>000046009240</subfield>
      </datafield>
      <datafield ind1=' ' ind2=' ' tag='035'>
        <subfield code='a'>(OCoLC)49863217</subfield>
      </datafield>
      <datafield ind1=' ' ind2=' ' tag='040'>
        <subfield code='a'>MIR</subfield>
        <subfield code='b'>eng</subfield>
        <subfield code='c'>MIR</subfield>
        <subfield code='d'>OCLCQ</subfield>
        <subfield code='d'>TEF</subfield>
        <subfield code='d'>OCL</subfield>
        <subfield code='d'>OCLCQ</subfield>
        <subfield code='d'>NLGGC</subfield>
        <subfield code='d'>JQ9</subfield>
        <subfield code='d'>WAU</subfield>
        <subfield code='d'>BTCTA</subfield>
        <subfield code='d'>LVB</subfield>
        <subfield code='d'>VP@</subfield>
        <subfield code='d'>UV1</subfield>
        <subfield code='d'>OCLCQ</subfield>
        <subfield code='d'>UXG</subfield>
        <subfield code='d'>SINLB</subfield>
        <subfield code='d'>YDXCP</subfield>
        <subfield code='d'>UTO</subfield>
        <subfield code='d'>SEM</subfield>
        <subfield code='d'>ZAD</subfield>
        <subfield code='d'>OCLCA</subfield>
        <subfield code='d'>OKU</subfield>
        <subfield code='d'>OCLCA</subfield>
        <subfield code='d'>OCLCQ</subfield>
        <subfield code='d'>VOC</subfield>
      </datafield>
      <datafield ind1='1' ind2=' ' tag='041'>
        <subfield code='a'>eng</subfield>
        <subfield code='j'>por</subfield>
        <subfield code='j'>spa</subfield>
      </datafield>
      <datafield ind1=' ' ind2=' ' tag='049'>
        <subfield code='a'>[Digital][Video][Disc]NOC3</subfield>
      </datafield>
      <datafield ind1=' ' ind2='4' tag='050'>
        <subfield code='a'>PR2823</subfield>
        <subfield code='b'>.A23 2002</subfield>
      </datafield>
      <datafield ind1='0' ind2='4' tag='082'>
        <subfield code='a'>822.33</subfield>
        <subfield code='2'>21</subfield>
      </datafield>
      <datafield ind1=' ' ind2=' ' tag='084'>
        <subfield code='a'>24.32</subfield>
        <subfield code='2'>bcl</subfield>
      </datafield>
      <datafield ind1='0' ind2=' ' tag='130'>
        <subfield code='a'>Macbeth (Motion picture : 1971)</subfield>
      </datafield>
      <datafield ind1='1' ind2='0' tag='245'>
        <subfield code='a'>Macbeth</subfield>
        <subfield code='h'>[videorecording] /</subfield>
        <subfield code='c'>Columbia Pictures presents a Playboy Productions, a film by Roman Polanski ; producer, Andrew Braunsberg ; writers, Roman Polanski, Kenneth Tynan ; director, Roman Polanski.</subfield>
      </datafield>
      <datafield ind1=' ' ind2=' ' tag='250'>
        <subfield code='a'>Widescreen version (2.35:1).</subfield>
      </datafield>
      <datafield ind1=' ' ind2=' ' tag='260'>
        <subfield code='a'>Burbank, Calif. :</subfield>
        <subfield code='b'>Columbia Tristar Home Video,</subfield>
        <subfield code='c'>[2002]</subfield>
      </datafield>
      <datafield ind1=' ' ind2=' ' tag='300'>
        <subfield code='a'>1 videodisc (140 min.) :</subfield>
        <subfield code='b'>sd., col. ;</subfield>
        <subfield code='c'>4 3/4 in.</subfield>
      </datafield>
      <datafield ind1=' ' ind2=' ' tag='500'>
        <subfield code='a'>Based on the play &quot;The tragedy of Macbeth&quot; by William Shakespeare.</subfield>
      </datafield>
      <datafield ind1=' ' ind2=' ' tag='500'>
        <subfield code='a'>Originally released as a motion picture in 1971.</subfield>
      </datafield>
      <datafield ind1=' ' ind2=' ' tag='500'>
        <subfield code='a'>Run time: approx. 140 min.</subfield>
      </datafield>
      <datafield ind1=' ' ind2=' ' tag='500'>
        <subfield code='a'>MPAA rating: R.</subfield>
      </datafield>
      <datafield ind1=' ' ind2=' ' tag='500'>
        <subfield code='a'>Special features: theatrical trailers.</subfield>
      </datafield>
      <datafield ind1=' ' ind2=' ' tag='508'>
        <subfield code='a'>Director of photography, Gil Taylor ; editor, Alastair McIntyre ; original music, Third Ear Band ; costume designer, Anthony Mendleson ; production designer, Wilfrid Shingleton.</subfield>
      </datafield>
      <datafield ind1='1' ind2=' ' tag='511'>
        <subfield code='a'>Jon Finch, Francesca Annis, Nicholas Selby, Martin Shaw, Terence Bayler, John Stride, Stephen Chase, Paul Shelley.</subfield>
      </datafield>
      <datafield ind1=' ' ind2=' ' tag='520'>
        <subfield code='a'>A classic tragedy about the lust for power and its ultimate bloody consequences. Macbeth is a Scottish war hero whose insane ambition unleashes a cycle of violence. Prompted by the supernatural prophecy of three witches, Macbeth is then goaded by his lady into slaying King Duncan in order to assume the throne. He plunges further into murder and moral decay to keep the unsteady crown on his head.</subfield>
      </datafield>
      <datafield ind1=' ' ind2=' ' tag='538'>
        <subfield code='a'>DVD, 2.0 Dolby digital, Region 1 encoding.</subfield>
      </datafield>
      <datafield ind1=' ' ind2=' ' tag='546'>
        <subfield code='a'>English dialogue, Portuguese or Spanish subtitles.</subfield>
      </datafield>
      <datafield ind1='1' ind2='0' tag='600'>
        <subfield code='a'>Shakespeare, William,</subfield>
        <subfield code='d'>1564-1616</subfield>
        <subfield code='v'>Film adaptations.</subfield>
      </datafield>
      <datafield ind1='0' ind2='0' tag='600'>
        <subfield code='a'>Macbeth,</subfield>
        <subfield code='c'>King of Scotland,</subfield>
        <subfield code='d'>active 11th century</subfield>
        <subfield code='v'>Drama.</subfield>
      </datafield>
      <datafield ind1='0' ind2='0' tag='600'>
        <subfield code='a'>Gruoch,</subfield>
        <subfield code='c'>Queen, consort of Macbeth, King of Scotland</subfield>
        <subfield code='v'>Drama.</subfield>
      </datafield>
      <datafield ind1='1' ind2='1' tag='600'>
        <subfield code='a'>Shakespeare, William,</subfield>
        <subfield code='d'>1564-1616.</subfield>
        <subfield code='t'>Macbeth.</subfield>
      </datafield>
      <datafield ind1=' ' ind2='0' tag='650'>
        <subfield code='a'>Violent crimes</subfield>
        <subfield code='v'>Drama.</subfield>
      </datafield>
      <datafield ind1=' ' ind2='0' tag='650'>
        <subfield code='a'>Witches</subfield>
        <subfield code='v'>Drama.</subfield>
      </datafield>
      <datafield ind1=' ' ind2='7' tag='655'>
        <subfield code='a'>Suspense films.</subfield>
        <subfield code='2'>gsafd</subfield>
      </datafield>
      <datafield ind1=' ' ind2='7' tag='655'>
        <subfield code='a'>Feature films.</subfield>
        <subfield code='2'>lcgft</subfield>
      </datafield>
      <datafield ind1=' ' ind2='7' tag='655'>
        <subfield code='a'>Fiction films.</subfield>
        <subfield code='2'>lcgft</subfield>
      </datafield>
      <datafield ind1=' ' ind2='7' tag='655'>
        <subfield code='a'>Film adaptations.</subfield>
        <subfield code='2'>lcgft</subfield>
      </datafield>
      <datafield ind1=' ' ind2='7' tag='655'>
        <subfield code='a'>Drama.</subfield>
        <subfield code='2'>local</subfield>
      </datafield>
      <datafield ind1=' ' ind2='7' tag='655'>
        <subfield code='a'>British Literature</subfield>
        <subfield code='x'>Adaptations.</subfield>
        <subfield code='2'>local</subfield>
      </datafield>
      <datafield ind1=' ' ind2='7' tag='655'>
        <subfield code='a'>Shakespeare on film.</subfield>
        <subfield code='2'>local</subfield>
      </datafield>
      <datafield ind1='1' ind2=' ' tag='700'>
        <subfield code='a'>Braunsberg, Andrew.</subfield>
      </datafield>
      <datafield ind1='1' ind2=' ' tag='700'>
        <subfield code='a'>Polanski, Roman.</subfield>
        <subfield code='4'>drt</subfield>
      </datafield>
      <datafield ind1='1' ind2=' ' tag='700'>
        <subfield code='a'>Tynan, Kenneth,</subfield>
        <subfield code='d'>1927-1980.</subfield>
      </datafield>
      <datafield ind1='1' ind2=' ' tag='700'>
        <subfield code='a'>Finch, Jon,</subfield>
        <subfield code='d'>1941-2012.</subfield>
      </datafield>
      <datafield ind1='1' ind2=' ' tag='700'>
        <subfield code='a'>Annis, Francesca,</subfield>
        <subfield code='d'>1945-</subfield>
      </datafield>
      <datafield ind1='1' ind2=' ' tag='700'>
        <subfield code='a'>Selby, Nicholas,</subfield>
        <subfield code='d'>1925-</subfield>
      </datafield>
      <datafield ind1='1' ind2=' ' tag='700'>
        <subfield code='a'>Shaw, Martin,</subfield>
        <subfield code='d'>1945-</subfield>
      </datafield>
      <datafield ind1='1' ind2=' ' tag='700'>
        <subfield code='a'>Bayler, Terence.</subfield>
      </datafield>
      <datafield ind1='1' ind2=' ' tag='700'>
        <subfield code='a'>Stride, John,</subfield>
        <subfield code='d'>1936-</subfield>
      </datafield>
      <datafield ind1='1' ind2=' ' tag='700'>
        <subfield code='a'>Chase, Stephen.</subfield>
      </datafield>
      <datafield ind1='1' ind2=' ' tag='700'>
        <subfield code='a'>Shelley, Paul,</subfield>
        <subfield code='d'>1942-</subfield>
      </datafield>
      <datafield ind1='1' ind2=' ' tag='700'>
        <subfield code='a'>Taylor, Gilbert.</subfield>
      </datafield>
      <datafield ind1='1' ind2=' ' tag='700'>
        <subfield code='a'>McIntyre, Alastair.</subfield>
      </datafield>
      <datafield ind1='1' ind2=' ' tag='700'>
        <subfield code='a'>Mendleson, Anthony.</subfield>
      </datafield>
      <datafield ind1='1' ind2=' ' tag='700'>
        <subfield code='a'>Shingleton, Wilfrid.</subfield>
      </datafield>
      <datafield ind1='1' ind2=' ' tag='700'>
        <subfield code='a'>Shakespeare, William,</subfield>
        <subfield code='d'>1564-1616.</subfield>
        <subfield code='t'>Macbeth.</subfield>
      </datafield>
      <datafield ind1='2' ind2=' ' tag='710'>
        <subfield code='a'>Third Ear Band.</subfield>
      </datafield>
      <datafield ind1='2' ind2=' ' tag='710'>
        <subfield code='a'>Columbia Pictures Corporation.</subfield>
      </datafield>
      <datafield ind1='2' ind2=' ' tag='710'>
        <subfield code='a'>Playboy Productions, Inc.</subfield>
      </datafield>
      <datafield ind1='2' ind2=' ' tag='710'>
        <subfield code='a'>Columbia TriStar Home Entertainment (Firm)</subfield>
      </datafield>
      <datafield ind1=' ' ind2=' ' tag='907'>
        <subfield code='a'>b7137904</subfield>
      </datafield>
      <datafield ind1='9' ind2='1' tag='999'>
        <subfield code='i'>i9650542</subfield>
        <subfield code='l'>uldag</subfield>
        <subfield code='s'>-</subfield>
        <subfield code='t'>60</subfield>
        <subfield code='c'>2</subfield>
        <subfield code='o'>9</subfield>
        <subfield code='b'>00043077972</subfield>
        <subfield code='p'>099#9</subfield>
        <subfield code='q'>|a65-DVD14531</subfield>
      </datafield>
      <datafield ind1='9' ind2='1' tag='999'>
        <subfield code='i'>i9650541</subfield>
        <subfield code='l'>uldal</subfield>
        <subfield code='s'>o</subfield>
        <subfield code='t'>60</subfield>
        <subfield code='c'>1</subfield>
        <subfield code='o'>0</subfield>
        <subfield code='b'>00043077963</subfield>
        <subfield code='p'>099#9</subfield>
        <subfield code='q'>|a65-DVD14531</subfield>
      </datafield>
      <datafield ind1='0' ind2='0' tag='999'>
        <subfield code='a'>2012-06-28 00:00:00-04</subfield>
        <subfield code='c'>2012-06-12 11:26:00-04</subfield>
        <subfield code='u'>2016-10-23 10:43:50-04</subfield>
      </datafield>
  </record>