
  <record>
    <leader>00000cjm a2200625Ia 4500</leader>
      <controlfield tag='006'>m    |o  h |</controlfield>
      <controlfield tag='008'>011102p19991976enkopn  o           ita d</controlfield>
      <controlfield tag='007'>sz z|nnnnnzne|</controlfield>
      <controlfield tag='007'>cr nna|||||a|a</controlfield>
      <controlfield tag='001'>ASP945808/clmu</controlfield>
      <controlfield tag='003'>VaAlASP</controlfield>
      <controlfield tag='005'>20120501135934.0</controlfield>
      <datafield ind1=' ' ind2=' ' tag='035'>
        <subfield code='a'>(OCoLC)815763096</subfield>
      </datafield>
      <datafield ind1=' ' ind2=' ' tag='040'>
        <subfield code='a'>PMD</subfield>
        <subfield code='c'>PMD</subfield>
        <subfield code='d'>MYG</subfield>
        <subfield code='d'>VaAlASP</subfield>
      </datafield>
      <datafield ind1='1' ind2=' ' tag='045'>
        <subfield code='b'>d1847</subfield>
        <subfield code='b'>d1865</subfield>
      </datafield>
      <datafield ind1=' ' ind2='4' tag='050'>
        <subfield code='a'>M1500.V48</subfield>
        <subfield code='b'>M35 1999</subfield>
      </datafield>
      <datafield ind1='1' ind2=' ' tag='100'>
        <subfield code='a'>Verdi, Giuseppe,</subfield>
        <subfield code='d'>1813-1901.</subfield>
      </datafield>
      <datafield ind1='1' ind2='0' tag='245'>
        <subfield code='a'>Macbeth</subfield>
        <subfield code='h'>[electronic resource] /</subfield>
        <subfield code='c'>Verdi ; [libretto, Francesco Maria Piave &amp; Andrea Maffei].</subfield>
      </datafield>
      <datafield ind1=' ' ind2=' ' tag='260'>
        <subfield code='a'>[England?] :</subfield>
        <subfield code='b'>EMI Classics,</subfield>
        <subfield code='c'>p1999.</subfield>
      </datafield>
      <datafield ind1=' ' ind2=' ' tag='300'>
        <subfield code='a'>1 online resource (152 min.).</subfield>
      </datafield>
      <datafield ind1=' ' ind2=' ' tag='500'>
        <subfield code='a'>Based on Shakespeare&apos;s play.</subfield>
      </datafield>
      <datafield ind1=' ' ind2=' ' tag='500'>
        <subfield code='a'>Opera in four acts (Paris version, 1865).</subfield>
      </datafield>
      <datafield ind1=' ' ind2=' ' tag='500'>
        <subfield code='a'>Originally released in 1976.</subfield>
      </datafield>
      <datafield ind1=' ' ind2=' ' tag='500'>
        <subfield code='a'>Previously released on compact discs.</subfield>
      </datafield>
      <datafield ind1='1' ind2=' ' tag='506'>
        <subfield code='a'>Access limited to UNC Chapel Hill-authenticated users.</subfield>
        <subfield code='f'>Unlimited simultaneous users</subfield>
      </datafield>
      <datafield ind1='0' ind2=' ' tag='511'>
        <subfield code='a'>Fiorenza Cossotto, mezzo-soprano; José Carreras, tenor; Sherrill Milnes, baritone; Ruggero Raimondi, bass; supporting soloists; Ambrosian Opera Chorus; New Philharmonia Orchestra; Riccardo Muti, conductor.</subfield>
      </datafield>
      <datafield ind1=' ' ind2=' ' tag='518'>
        <subfield code='a'>Recorded July 1976, Abbey Road Studios and Kingsway Hall, London.</subfield>
      </datafield>
      <datafield ind1=' ' ind2=' ' tag='546'>
        <subfield code='a'>Sung in Italian.</subfield>
      </datafield>
      <datafield ind1='0' ind2='0' tag='600'>
        <subfield code='a'>Macbeth,</subfield>
        <subfield code='c'>King of Scotland,</subfield>
        <subfield code='d'>active 11th century</subfield>
        <subfield code='v'>Drama.</subfield>
      </datafield>
      <datafield ind1=' ' ind2='7' tag='655'>
        <subfield code='a'>Sound recordings.</subfield>
        <subfield code='2'>lcgft</subfield>
      </datafield>
      <datafield ind1='1' ind2=' ' tag='700'>
        <subfield code='a'>Carreras, José.</subfield>
        <subfield code='4'>voc</subfield>
      </datafield>
      <datafield ind1='1' ind2=' ' tag='700'>
        <subfield code='a'>Cossotto, Fiorenza.</subfield>
        <subfield code='4'>voc</subfield>
      </datafield>
      <datafield ind1='1' ind2=' ' tag='700'>
        <subfield code='a'>Maffei, Andrea,</subfield>
        <subfield code='d'>1798-1885.</subfield>
        <subfield code='4'>lbt</subfield>
      </datafield>
      <datafield ind1='1' ind2=' ' tag='700'>
        <subfield code='a'>Milnes, Sherrill.</subfield>
        <subfield code='4'>voc</subfield>
      </datafield>
      <datafield ind1='1' ind2=' ' tag='700'>
        <subfield code='a'>Muti, Riccardo.</subfield>
        <subfield code='4'>cnd</subfield>
      </datafield>
      <datafield ind1='1' ind2=' ' tag='700'>
        <subfield code='a'>Piave, Francesco Maria,</subfield>
        <subfield code='d'>1810-1876.</subfield>
        <subfield code='4'>lbt</subfield>
      </datafield>
      <datafield ind1='1' ind2=' ' tag='700'>
        <subfield code='a'>Raimondi, Ruggero.</subfield>
        <subfield code='4'>voc</subfield>
      </datafield>
      <datafield ind1='1' ind2=' ' tag='700'>
        <subfield code='a'>Shakespeare, William,</subfield>
        <subfield code='d'>1564-1616.</subfield>
        <subfield code='t'>Macbeth.</subfield>
      </datafield>
      <datafield ind1='2' ind2=' ' tag='710'>
        <subfield code='a'>Ambrosian Opera Chorus.</subfield>
        <subfield code='4'>prf</subfield>
      </datafield>
      <datafield ind1='2' ind2=' ' tag='710'>
        <subfield code='a'>New Philharmonia Orchestra.</subfield>
        <subfield code='4'>prf</subfield>
      </datafield>
      <datafield ind1='0' ind2=' ' tag='773'>
        <subfield code='t'>Classical music library (online collection)</subfield>
      </datafield>
      <datafield ind1='1' ind2=' ' tag='776'>
        <subfield code='c'>Original publisher catalog number</subfield>
        <subfield code='o'>7 67128 2</subfield>
      </datafield>
      <datafield ind1='1' ind2=' ' tag='776'>
        <subfield code='c'>Original publisher catalog number</subfield>
        <subfield code='o'>7243 5 67128 2 9</subfield>
      </datafield>
      <datafield ind1='1' ind2=' ' tag='776'>
        <subfield code='c'>Original publisher catalog number</subfield>
        <subfield code='o'>7243 5 67129 2 8</subfield>
      </datafield>
      <datafield ind1='1' ind2=' ' tag='776'>
        <subfield code='c'>Original publisher catalog number</subfield>
        <subfield code='o'>7243 5 67130 2 4</subfield>
      </datafield>
      <datafield ind1='1' ind2=' ' tag='776'>
        <subfield code='c'>Original publisher catalog number</subfield>
        <subfield code='o'>724356712829</subfield>
      </datafield>
      <datafield ind1='1' ind2=' ' tag='776'>
        <subfield code='c'>Original publisher catalog number</subfield>
        <subfield code='o'>CDMB 67128</subfield>
      </datafield>
      <datafield ind1='1' ind2=' ' tag='776'>
        <subfield code='c'>Original</subfield>
        <subfield code='w'>(OCoLC) 48260058</subfield>
      </datafield>
      <datafield ind1='4' ind2='0' tag='856'>
        <subfield code='u'>http://libproxy.lib.unc.edu/login?url=https://www.aspresolver.com/aspresolver.asp?CLMU;945808</subfield>
        <subfield code='x'>Classical music library</subfield>
        <subfield code='y'>Streaming audio available via the UNC-Chapel Hill Libraries</subfield>
      </datafield>
      <datafield ind1=' ' ind2=' ' tag='907'>
        <subfield code='a'>b7279325</subfield>
      </datafield>
      <datafield ind1='0' ind2='0' tag='999'>
        <subfield code='a'>2012-12-03 00:00:00-05</subfield>
        <subfield code='c'>2012-12-03 12:04:13-05</subfield>
        <subfield code='u'>2017-12-01 08:55:24-05</subfield>
      </datafield>
  </record>