
  <record>
    <leader>00000cjm a2200601Ia 4500</leader>
      <controlfield tag='006'>m    |o  h |</controlfield>
      <controlfield tag='008'>011102p19931952enkopn  o           ita d</controlfield>
      <controlfield tag='007'>sz z|nnnnnzne|</controlfield>
      <controlfield tag='007'>cr nna|||||a|a</controlfield>
      <controlfield tag='001'>ASP946127/clmu</controlfield>
      <controlfield tag='003'>VaAlASP</controlfield>
      <controlfield tag='005'>20120501135934.0</controlfield>
      <datafield ind1=' ' ind2=' ' tag='035'>
        <subfield code='a'>(OCoLC)815761327</subfield>
      </datafield>
      <datafield ind1=' ' ind2=' ' tag='040'>
        <subfield code='a'>PMD</subfield>
        <subfield code='c'>PMD</subfield>
        <subfield code='d'>MYG</subfield>
        <subfield code='d'>VaAlASP</subfield>
      </datafield>
      <datafield ind1='1' ind2=' ' tag='045'>
        <subfield code='b'>d1847</subfield>
        <subfield code='b'>d1865</subfield>
      </datafield>
      <datafield ind1='1' ind2=' ' tag='100'>
        <subfield code='a'>Verdi, Giuseppe,</subfield>
        <subfield code='d'>1813-1901.</subfield>
      </datafield>
      <datafield ind1='1' ind2='0' tag='245'>
        <subfield code='a'>Macbeth</subfield>
        <subfield code='h'>[electronic resource] /</subfield>
        <subfield code='c'>Verdi ; [libretto, Francesco Maria Piave &amp; Andrea Maffei].</subfield>
      </datafield>
      <datafield ind1=' ' ind2=' ' tag='260'>
        <subfield code='a'>[England?] :</subfield>
        <subfield code='b'>EMI Classics,</subfield>
        <subfield code='c'>p1993.</subfield>
      </datafield>
      <datafield ind1=' ' ind2=' ' tag='300'>
        <subfield code='a'>1 online resource (140 min.).</subfield>
      </datafield>
      <datafield ind1=' ' ind2=' ' tag='500'>
        <subfield code='a'>&quot;Due to the poor quality of the original recording, the performance on these discs is marred by distortion, &apos;pre&apos; and &apos;post&apos;-echo and some &apos;drop-outs&apos; ... It is released because of its importance as a document of the career of Maria Callas&quot;--Original container.</subfield>
      </datafield>
      <datafield ind1=' ' ind2=' ' tag='500'>
        <subfield code='a'>Based on Shakespeare&apos;s play.</subfield>
      </datafield>
      <datafield ind1=' ' ind2=' ' tag='500'>
        <subfield code='a'>Libretto by Francesco Maria Piave and Andrea Maffei.</subfield>
      </datafield>
      <datafield ind1=' ' ind2=' ' tag='500'>
        <subfield code='a'>Opera in four acts.</subfield>
      </datafield>
      <datafield ind1=' ' ind2=' ' tag='500'>
        <subfield code='a'>Previously released on compact discs.</subfield>
      </datafield>
      <datafield ind1='1' ind2=' ' tag='506'>
        <subfield code='a'>Access limited to UNC Chapel Hill-authenticated users.</subfield>
        <subfield code='f'>Unlimited simultaneous users</subfield>
      </datafield>
      <datafield ind1='0' ind2=' ' tag='511'>
        <subfield code='a'>Maria Callas, soprano ; Gino Penno, tenor ; Enzo Mascherini, Italo Tajo, basses ; supporting soloists ; Orchestra e Coro del Teatro alla Scala, Milano ; Victor de Sabata, conductor.</subfield>
      </datafield>
      <datafield ind1=' ' ind2=' ' tag='518'>
        <subfield code='a'>Recorded Dec. 7, 1952, La Scala, Milan.</subfield>
      </datafield>
      <datafield ind1=' ' ind2=' ' tag='546'>
        <subfield code='a'>Sung in Italian.</subfield>
      </datafield>
      <datafield ind1='0' ind2='0' tag='600'>
        <subfield code='a'>Macbeth,</subfield>
        <subfield code='c'>King of Scotland,</subfield>
        <subfield code='d'>active 11th century</subfield>
        <subfield code='v'>Drama.</subfield>
      </datafield>
      <datafield ind1=' ' ind2='7' tag='655'>
        <subfield code='a'>Sound recordings.</subfield>
        <subfield code='2'>lcgft</subfield>
      </datafield>
      <datafield ind1='1' ind2=' ' tag='700'>
        <subfield code='a'>Callas, Maria,</subfield>
        <subfield code='d'>1923-1977.</subfield>
        <subfield code='4'>voc</subfield>
      </datafield>
      <datafield ind1='1' ind2=' ' tag='700'>
        <subfield code='a'>De Sabata, Victor,</subfield>
        <subfield code='d'>1892-1967.</subfield>
        <subfield code='4'>cnd</subfield>
      </datafield>
      <datafield ind1='1' ind2=' ' tag='700'>
        <subfield code='a'>Maffei, Andrea,</subfield>
        <subfield code='d'>1798-1885.</subfield>
        <subfield code='4'>lbt</subfield>
      </datafield>
      <datafield ind1='1' ind2=' ' tag='700'>
        <subfield code='a'>Mascherini, Enzo.</subfield>
        <subfield code='4'>voc</subfield>
      </datafield>
      <datafield ind1='1' ind2=' ' tag='700'>
        <subfield code='a'>Penno, Gino.</subfield>
        <subfield code='4'>voc</subfield>
      </datafield>
      <datafield ind1='1' ind2=' ' tag='700'>
        <subfield code='a'>Piave, Francesco Maria,</subfield>
        <subfield code='d'>1810-1876.</subfield>
        <subfield code='4'>lbt</subfield>
      </datafield>
      <datafield ind1='1' ind2=' ' tag='700'>
        <subfield code='a'>Shakespeare, William,</subfield>
        <subfield code='d'>1564-1616.</subfield>
        <subfield code='t'>Macbeth.</subfield>
      </datafield>
      <datafield ind1='1' ind2=' ' tag='700'>
        <subfield code='a'>Tajo, Italo.</subfield>
        <subfield code='4'>voc</subfield>
      </datafield>
      <datafield ind1='2' ind2=' ' tag='710'>
        <subfield code='a'>Teatro alla Scala.</subfield>
        <subfield code='4'>prf</subfield>
      </datafield>
      <datafield ind1='0' ind2=' ' tag='773'>
        <subfield code='t'>Classical music library (online collection)</subfield>
      </datafield>
      <datafield ind1='1' ind2=' ' tag='776'>
        <subfield code='c'>Original publisher catalog number</subfield>
        <subfield code='o'>0777 7 64944 2 5</subfield>
      </datafield>
      <datafield ind1='1' ind2=' ' tag='776'>
        <subfield code='c'>Original publisher catalog number</subfield>
        <subfield code='o'>0777 7 64945 2 4</subfield>
      </datafield>
      <datafield ind1='1' ind2=' ' tag='776'>
        <subfield code='c'>Original publisher catalog number</subfield>
        <subfield code='o'>0777 7 64946 2 3</subfield>
      </datafield>
      <datafield ind1='1' ind2=' ' tag='776'>
        <subfield code='c'>Original publisher catalog number</subfield>
        <subfield code='o'>CMS 7 64944 2</subfield>
      </datafield>
      <datafield ind1='1' ind2=' ' tag='776'>
        <subfield code='c'>Original</subfield>
        <subfield code='w'>(OCoLC) 30538263</subfield>
      </datafield>
      <datafield ind1='4' ind2='0' tag='856'>
        <subfield code='u'>http://libproxy.lib.unc.edu/login?url=https://www.aspresolver.com/aspresolver.asp?CLMU;946127</subfield>
        <subfield code='x'>Classical music library</subfield>
        <subfield code='y'>Streaming audio available via the UNC-Chapel Hill Libraries</subfield>
      </datafield>
      <datafield ind1=' ' ind2=' ' tag='907'>
        <subfield code='a'>b7279326</subfield>
      </datafield>
      <datafield ind1='0' ind2='0' tag='999'>
        <subfield code='a'>2012-12-03 00:00:00-05</subfield>
        <subfield code='c'>2012-12-03 12:04:16-05</subfield>
        <subfield code='u'>2017-12-01 08:55:24-05</subfield>
      </datafield>
  </record>