
  <record>
    <leader>00000cjm a2200589Ia 4500</leader>
      <controlfield tag='008'>121026p20122011au opnn           n ita d</controlfield>
      <controlfield tag='007'>sd fsngnnmmned</controlfield>
      <controlfield tag='001'>815510785</controlfield>
      <controlfield tag='003'>OCoLC</controlfield>
      <controlfield tag='005'>20130904011535.0</controlfield>
      <datafield ind1=' ' ind2=' ' tag='019'>
        <subfield code='a'>812259620</subfield>
      </datafield>
      <datafield ind1='3' ind2=' ' tag='024'>
        <subfield code='a'>9120031340850</subfield>
      </datafield>
      <datafield ind1='0' ind2='2' tag='028'>
        <subfield code='a'>WWE 2CD 20404</subfield>
        <subfield code='b'>Col Legno</subfield>
      </datafield>
      <datafield ind1=' ' ind2=' ' tag='035'>
        <subfield code='a'>(OCoLC)815510785</subfield>
        <subfield code='z'>(OCoLC)812259620</subfield>
      </datafield>
      <datafield ind1=' ' ind2=' ' tag='040'>
        <subfield code='a'>TDF</subfield>
        <subfield code='b'>eng</subfield>
        <subfield code='c'>TDF</subfield>
        <subfield code='d'>BTCTA</subfield>
        <subfield code='d'>CUS</subfield>
        <subfield code='d'>MYG</subfield>
        <subfield code='d'>NOC</subfield>
      </datafield>
      <datafield ind1='0' ind2=' ' tag='041'>
        <subfield code='d'>ita</subfield>
        <subfield code='e'>ita</subfield>
        <subfield code='g'>eng</subfield>
        <subfield code='g'>ger</subfield>
      </datafield>
      <datafield ind1=' ' ind2=' ' tag='049'>
        <subfield code='a'>NODP</subfield>
      </datafield>
      <datafield ind1='1' ind2=' ' tag='100'>
        <subfield code='a'>Sciarrino, Salvatore,</subfield>
        <subfield code='e'>composer.</subfield>
      </datafield>
      <datafield ind1='1' ind2='0' tag='245'>
        <subfield code='a'>Macbeth</subfield>
        <subfield code='h'>[sound recording] /</subfield>
        <subfield code='c'>Salvatore Sciarrino.</subfield>
      </datafield>
      <datafield ind1='1' ind2=' ' tag='246'>
        <subfield code='i'>Subtitle on container:</subfield>
        <subfield code='a'>Blut, Blut, Blut</subfield>
      </datafield>
      <datafield ind1=' ' ind2=' ' tag='260'>
        <subfield code='a'>[Vienna] :</subfield>
        <subfield code='b'>Col Legno,</subfield>
        <subfield code='c'>p2012.</subfield>
      </datafield>
      <datafield ind1=' ' ind2=' ' tag='300'>
        <subfield code='a'>2 sound discs (1 hr., 47 min., 23 sec.) :</subfield>
        <subfield code='b'>digital ;</subfield>
        <subfield code='c'>4 3/4 in.</subfield>
      </datafield>
      <datafield ind1=' ' ind2=' ' tag='306'>
        <subfield code='a'>014723</subfield>
      </datafield>
      <datafield ind1=' ' ind2=' ' tag='500'>
        <subfield code='a'>Libretto by Salvatore Sciarrino after William Shakespeare.</subfield>
      </datafield>
      <datafield ind1=' ' ind2=' ' tag='500'>
        <subfield code='a'>&quot;Live recordings issued by Salzburger Festspiele Salzburger Festspieldokumente, &apos;Der 5. Kontinent&apos;&quot;--Container.</subfield>
      </datafield>
      <datafield ind1=' ' ind2=' ' tag='500'>
        <subfield code='a'>&quot;Salzburger Festspiele Reihe Kontinent.&quot;</subfield>
      </datafield>
      <datafield ind1=' ' ind2=' ' tag='500'>
        <subfield code='a'>Program notes and interview of Sciarrino by baritone Otto Katzameier in English &amp; German and Italian libretto (69 p. : ports.) affixed to container.</subfield>
      </datafield>
      <datafield ind1=' ' ind2=' ' tag='500'>
        <subfield code='a'>Compact discs.</subfield>
      </datafield>
      <datafield ind1='0' ind2=' ' tag='511'>
        <subfield code='a'>Otto Katzameier, Macbeth ; Anna Radziejewska, Lady Macbeth ; Richard Zook, Banquo/Ghost/Attendant ; Sonia Turchetta, Solider/Banquo&apos;s son/Murderer/Messenger ; Thomas Mehnert, Duncan/Gentleman/Macduff ; Vokalensemble NOVA ; Klangforum Wien ; Evan Christ, conductor.</subfield>
      </datafield>
      <datafield ind1=' ' ind2=' ' tag='518'>
        <subfield code='a'>Recorded Kollegienkirche, Salzburg, 2011 Aug. 4-5.</subfield>
      </datafield>
      <datafield ind1=' ' ind2='7' tag='655'>
        <subfield code='a'>Live sound recordings.</subfield>
        <subfield code='2'>lcgft</subfield>
      </datafield>
      <datafield ind1='1' ind2=' ' tag='700'>
        <subfield code='a'>Katzameier, Otto,</subfield>
        <subfield code='e'>singer.</subfield>
      </datafield>
      <datafield ind1='1' ind2=' ' tag='700'>
        <subfield code='a'>Radziejewska, Anna,</subfield>
        <subfield code='e'>singer.</subfield>
      </datafield>
      <datafield ind1='1' ind2=' ' tag='700'>
        <subfield code='a'>Zook, Richard,</subfield>
        <subfield code='e'>singer.</subfield>
      </datafield>
      <datafield ind1='1' ind2=' ' tag='700'>
        <subfield code='a'>Turchetta, Sonia,</subfield>
        <subfield code='e'>singer.</subfield>
      </datafield>
      <datafield ind1='1' ind2=' ' tag='700'>
        <subfield code='a'>Mehnert, Thomas,</subfield>
        <subfield code='e'>singer.</subfield>
      </datafield>
      <datafield ind1='1' ind2=' ' tag='700'>
        <subfield code='a'>Christ, Evan,</subfield>
        <subfield code='e'>conductor.</subfield>
      </datafield>
      <datafield ind1='1' ind2=' ' tag='700'>
        <subfield code='a'>Shakespeare, William,</subfield>
        <subfield code='d'>1564-1616.</subfield>
        <subfield code='t'>Macbeth.</subfield>
      </datafield>
      <datafield ind1='1' ind2='2' tag='700'>
        <subfield code='a'>Sciarrino, Salvatore.</subfield>
        <subfield code='t'>Macbeth.</subfield>
        <subfield code='s'>Libretto.</subfield>
      </datafield>
      <datafield ind1='2' ind2=' ' tag='710'>
        <subfield code='a'>Vokalensemble Nova,</subfield>
        <subfield code='e'>singer.</subfield>
      </datafield>
      <datafield ind1='2' ind2=' ' tag='710'>
        <subfield code='a'>Klangforum Wien,</subfield>
        <subfield code='e'>instrumentalist.</subfield>
      </datafield>
      <datafield ind1=' ' ind2='0' tag='830'>
        <subfield code='a'>Festspieldokumente.</subfield>
      </datafield>
      <datafield ind1=' ' ind2='0' tag='830'>
        <subfield code='a'>Contemporary (Vienna, Austria)</subfield>
      </datafield>
      <datafield ind1=' ' ind2=' ' tag='907'>
        <subfield code='a'>b7374678</subfield>
      </datafield>
      <datafield ind1='9' ind2='1' tag='999'>
        <subfield code='i'>i10099037</subfield>
        <subfield code='l'>mmdd</subfield>
        <subfield code='s'>-</subfield>
        <subfield code='t'>50</subfield>
        <subfield code='c'>1</subfield>
        <subfield code='o'>0</subfield>
        <subfield code='b'>00035684553</subfield>
        <subfield code='p'>099#9</subfield>
        <subfield code='q'>|aCD-26,686</subfield>
      </datafield>
      <datafield ind1='0' ind2='0' tag='999'>
        <subfield code='a'>2013-09-04 00:00:00-04</subfield>
        <subfield code='c'>2013-04-09 15:11:58-04</subfield>
        <subfield code='u'>2017-11-15 15:46:10-05</subfield>
      </datafield>
  </record>