
  <record>
    <leader>00000cjm a2200685Ii 4500</leader>
      <controlfield tag='007'>sd fsngnn|||ed</controlfield>
      <controlfield tag='007'>sd fzngnn|||ed</controlfield>
      <controlfield tag='008'>130204p20132012enkmunn  efi      n zxx d</controlfield>
      <controlfield tag='001'>826876216</controlfield>
      <controlfield tag='003'>OCoLC</controlfield>
      <controlfield tag='005'>20140416041445.0</controlfield>
      <datafield ind1='1' ind2='0' tag='024'>
        <subfield code='a'>095115511725</subfield>
      </datafield>
      <datafield ind1='0' ind2='2' tag='028'>
        <subfield code='a'>CHSA 5117</subfield>
        <subfield code='b'>Chandos</subfield>
      </datafield>
      <datafield ind1=' ' ind2=' ' tag='035'>
        <subfield code='a'>(OCoLC)826876216</subfield>
      </datafield>
      <datafield ind1=' ' ind2=' ' tag='040'>
        <subfield code='a'>TDF</subfield>
        <subfield code='b'>eng</subfield>
        <subfield code='e'>rda</subfield>
        <subfield code='c'>TDF</subfield>
        <subfield code='d'>OCLCO</subfield>
        <subfield code='d'>CIN</subfield>
        <subfield code='d'>OCLCO</subfield>
        <subfield code='d'>CIN</subfield>
        <subfield code='d'>OCLCO</subfield>
        <subfield code='d'>OCLCQ</subfield>
        <subfield code='d'>OCLCO</subfield>
        <subfield code='d'>OCLCQ</subfield>
        <subfield code='d'>OCLCO</subfield>
        <subfield code='d'>OCLCA</subfield>
        <subfield code='d'>OCLCF</subfield>
        <subfield code='d'>NOC</subfield>
      </datafield>
      <datafield ind1='0' ind2=' ' tag='041'>
        <subfield code='g'>eng</subfield>
        <subfield code='g'>fre</subfield>
        <subfield code='g'>ger</subfield>
      </datafield>
      <datafield ind1=' ' ind2=' ' tag='047'>
        <subfield code='a'>sy</subfield>
        <subfield code='a'>ov</subfield>
      </datafield>
      <datafield ind1=' ' ind2=' ' tag='049'>
        <subfield code='a'>NODP</subfield>
      </datafield>
      <datafield ind1='1' ind2=' ' tag='100'>
        <subfield code='a'>Raff, Joachim,</subfield>
        <subfield code='d'>1822-1882,</subfield>
        <subfield code='e'>composer.</subfield>
      </datafield>
      <datafield ind1='1' ind2='0' tag='240'>
        <subfield code='a'>Orchestra music.</subfield>
        <subfield code='k'>Selections</subfield>
      </datafield>
      <datafield ind1='1' ind2='0' tag='245'>
        <subfield code='a'>Symphony no. 2 ;</subfield>
        <subfield code='b'>Four Shakespeare preludes /</subfield>
        <subfield code='c'>Joachim Raff.</subfield>
      </datafield>
      <datafield ind1=' ' ind2='1' tag='264'>
        <subfield code='a'>Colchester, Essex, England :</subfield>
        <subfield code='b'>Chandos,</subfield>
        <subfield code='c'>[2013]</subfield>
      </datafield>
      <datafield ind1=' ' ind2='4' tag='264'>
        <subfield code='c'>℗2013</subfield>
      </datafield>
      <datafield ind1=' ' ind2=' ' tag='300'>
        <subfield code='a'>1 audio disc (77 min., 47 sec.) ;</subfield>
        <subfield code='c'>4 3/4 in.</subfield>
      </datafield>
      <datafield ind1=' ' ind2=' ' tag='306'>
        <subfield code='a'>003341</subfield>
        <subfield code='a'>001410</subfield>
        <subfield code='a'>001122</subfield>
        <subfield code='a'>000946</subfield>
        <subfield code='a'>000814</subfield>
      </datafield>
      <datafield ind1=' ' ind2=' ' tag='336'>
        <subfield code='a'>performed music</subfield>
        <subfield code='b'>prm</subfield>
        <subfield code='2'>rdacontent</subfield>
      </datafield>
      <datafield ind1=' ' ind2=' ' tag='337'>
        <subfield code='a'>audio</subfield>
        <subfield code='b'>s</subfield>
        <subfield code='2'>rdamedia</subfield>
      </datafield>
      <datafield ind1=' ' ind2=' ' tag='338'>
        <subfield code='a'>audio disc</subfield>
        <subfield code='b'>sd</subfield>
        <subfield code='2'>rdacarrier</subfield>
      </datafield>
      <datafield ind1=' ' ind2=' ' tag='344'>
        <subfield code='a'>digital</subfield>
        <subfield code='g'>stereo</subfield>
        <subfield code='g'>surround</subfield>
        <subfield code='2'>rda</subfield>
      </datafield>
      <datafield ind1=' ' ind2=' ' tag='347'>
        <subfield code='a'>audio file</subfield>
        <subfield code='b'>CD audio</subfield>
        <subfield code='b'>SACD</subfield>
        <subfield code='2'>rda</subfield>
      </datafield>
      <datafield ind1=' ' ind2=' ' tag='500'>
        <subfield code='a'>Title from container.</subfield>
      </datafield>
      <datafield ind1=' ' ind2=' ' tag='500'>
        <subfield code='a'>Program notes in English, French and German in container.</subfield>
      </datafield>
      <datafield ind1='0' ind2=' ' tag='505'>
        <subfield code='a'>Symphony no. 2, op. 140, 1866 in C major (33:41) -- Orchestral prelude to Shakespeare&apos;s &quot;The tempest&quot; : WoO 49, 1879 in G minor (14:10) -- Orchestral prelude to Shakespeare&apos;s &quot;Macbeth&quot; : WoO 50, 1879 in C minor (11:22) -- Orchestral prelude to Shakespeare&apos;s &quot;Romeo and Juliet&quot; : WoO 51, 1879 in D major (9:46) -- Orchestral prelude to Shakespeare&apos;s &quot;Othello&quot; : WoO 52, 1879 in D major (8:14).</subfield>
      </datafield>
      <datafield ind1='0' ind2=' ' tag='511'>
        <subfield code='a'>Orchestre de la Suisse romande ; Neeme Järvi, conductor.</subfield>
      </datafield>
      <datafield ind1=' ' ind2=' ' tag='518'>
        <subfield code='o'>Recorded</subfield>
        <subfield code='d'>2012 June 25-27</subfield>
        <subfield code='p'>Victoria Hall, Geneva, Switzerland.</subfield>
      </datafield>
      <datafield ind1=' ' ind2=' ' tag='538'>
        <subfield code='a'>Super audio CD (hybrid); multi-channel and stereo sound; playable on CD and SACD players.</subfield>
      </datafield>
      <datafield ind1=' ' ind2='7' tag='650'>
        <subfield code='a'>Overtures.</subfield>
        <subfield code='2'>fast</subfield>
        <subfield code='0'>(OCoLC)fst01049384</subfield>
      </datafield>
      <datafield ind1=' ' ind2='7' tag='650'>
        <subfield code='a'>Symphonies.</subfield>
        <subfield code='2'>fast</subfield>
        <subfield code='0'>(OCoLC)fst01140873</subfield>
      </datafield>
      <datafield ind1=' ' ind2='7' tag='655'>
        <subfield code='a'>Symphonies.</subfield>
        <subfield code='2'>lcgft</subfield>
      </datafield>
      <datafield ind1=' ' ind2='7' tag='655'>
        <subfield code='a'>Overtures.</subfield>
        <subfield code='2'>lcgft</subfield>
      </datafield>
      <datafield ind1='1' ind2=' ' tag='700'>
        <subfield code='a'>Järvi, Neeme,</subfield>
        <subfield code='e'>conductor.</subfield>
      </datafield>
      <datafield ind1='1' ind2=' ' tag='700'>
        <subfield code='3'>2nd work</subfield>
        <subfield code='i'>Based on (work):</subfield>
        <subfield code='a'>Shakespeare, William,</subfield>
        <subfield code='d'>1564-1616.</subfield>
        <subfield code='t'>Tempest.</subfield>
      </datafield>
      <datafield ind1='1' ind2=' ' tag='700'>
        <subfield code='3'>3rd work</subfield>
        <subfield code='i'>Based on (work):</subfield>
        <subfield code='a'>Shakespeare, William,</subfield>
        <subfield code='d'>1564-1616.</subfield>
        <subfield code='t'>Macbeth.</subfield>
      </datafield>
      <datafield ind1='1' ind2=' ' tag='700'>
        <subfield code='3'>4th work</subfield>
        <subfield code='i'>Based on (work):</subfield>
        <subfield code='a'>Shakespeare, William,</subfield>
        <subfield code='d'>1564-1616.</subfield>
        <subfield code='t'>Romeo and Juliet.</subfield>
      </datafield>
      <datafield ind1='1' ind2=' ' tag='700'>
        <subfield code='3'>5th work</subfield>
        <subfield code='i'>Based on (work):</subfield>
        <subfield code='a'>Shakespeare, William,</subfield>
        <subfield code='d'>1564-1616.</subfield>
        <subfield code='t'>Othello.</subfield>
      </datafield>
      <datafield ind1='1' ind2='2' tag='700'>
        <subfield code='i'>Container of (work):</subfield>
        <subfield code='a'>Raff, Joachim,</subfield>
        <subfield code='d'>1822-1882.</subfield>
        <subfield code='t'>Symphonies,</subfield>
        <subfield code='n'>no. 2, op. 140,</subfield>
        <subfield code='r'>C major.</subfield>
      </datafield>
      <datafield ind1='1' ind2='2' tag='700'>
        <subfield code='i'>Container of (work):</subfield>
        <subfield code='a'>Raff, Joachim,</subfield>
        <subfield code='d'>1822-1882.</subfield>
        <subfield code='t'>Orchester-Vorspiel zu Shakespeare&apos;s Sturm.</subfield>
      </datafield>
      <datafield ind1='1' ind2='2' tag='700'>
        <subfield code='i'>Container of (work):</subfield>
        <subfield code='a'>Raff, Joachim,</subfield>
        <subfield code='d'>1822-1882.</subfield>
        <subfield code='t'>Orchester-Vorspiel zu Shakespeare&apos;s Macbeth.</subfield>
      </datafield>
      <datafield ind1='1' ind2='2' tag='700'>
        <subfield code='i'>Container of (work):</subfield>
        <subfield code='a'>Raff, Joachim,</subfield>
        <subfield code='d'>1822-1882.</subfield>
        <subfield code='t'>Orchester-Vorspiel zu Shakespeare&apos;s Romeo und Julie.</subfield>
      </datafield>
      <datafield ind1='1' ind2='2' tag='700'>
        <subfield code='i'>Container of (work):</subfield>
        <subfield code='a'>Raff, Joachim,</subfield>
        <subfield code='d'>1822-1882.</subfield>
        <subfield code='t'>Orchester-Vorspiel zu Shakespeare&apos;s Othello.</subfield>
      </datafield>
      <datafield ind1='2' ind2=' ' tag='710'>
        <subfield code='a'>Orchestre de la Suisse romande,</subfield>
        <subfield code='e'>performer.</subfield>
      </datafield>
      <datafield ind1='0' ind2='2' tag='740'>
        <subfield code='a'>Four Shakespeare preludes.</subfield>
      </datafield>
      <datafield ind1='0' ind2='2' tag='740'>
        <subfield code='a'>Shakespeare preludes.</subfield>
      </datafield>
      <datafield ind1=' ' ind2=' ' tag='907'>
        <subfield code='a'>b7596658</subfield>
      </datafield>
      <datafield ind1='9' ind2='1' tag='999'>
        <subfield code='i'>i10334237</subfield>
        <subfield code='l'>mmdd</subfield>
        <subfield code='s'>-</subfield>
        <subfield code='t'>50</subfield>
        <subfield code='c'>1</subfield>
        <subfield code='o'>1</subfield>
        <subfield code='b'>00047207707</subfield>
        <subfield code='p'>099#9</subfield>
        <subfield code='q'>|aCD-27,216</subfield>
      </datafield>
      <datafield ind1='0' ind2='0' tag='999'>
        <subfield code='a'>2014-04-16 00:00:00-04</subfield>
        <subfield code='c'>2013-10-14 15:37:53-04</subfield>
        <subfield code='u'>2017-11-15 15:50:21-05</subfield>
      </datafield>
  </record>