
  <record>
    <leader>00000cgm a2200793Ia 4500</leader>
      <controlfield tag='007'>vd bvaizs</controlfield>
      <controlfield tag='008'>120824p20121948ilu107            vleng d</controlfield>
      <controlfield tag='001'>808151006</controlfield>
      <controlfield tag='003'>OCoLC</controlfield>
      <controlfield tag='005'>20140116102441.0</controlfield>
      <datafield ind1='1' ind2=' ' tag='024'>
        <subfield code='a'>887090043908</subfield>
      </datafield>
      <datafield ind1='4' ind2='2' tag='028'>
        <subfield code='a'>OF439</subfield>
        <subfield code='b'>Olive Films</subfield>
      </datafield>
      <datafield ind1=' ' ind2=' ' tag='035'>
        <subfield code='a'>(OCoLC)808151006</subfield>
      </datafield>
      <datafield ind1=' ' ind2=' ' tag='037'>
        <subfield code='b'>Midwest Tape</subfield>
        <subfield code='n'>http://www.midwesttapes.com</subfield>
      </datafield>
      <datafield ind1=' ' ind2=' ' tag='040'>
        <subfield code='a'>TEFMT</subfield>
        <subfield code='b'>eng</subfield>
        <subfield code='c'>TEFMT</subfield>
        <subfield code='d'>TEF</subfield>
        <subfield code='d'>MTG</subfield>
        <subfield code='d'>EMU</subfield>
        <subfield code='d'>IBI</subfield>
        <subfield code='d'>VP@</subfield>
        <subfield code='d'>OCLCA</subfield>
        <subfield code='d'>AHS</subfield>
        <subfield code='d'>TYC</subfield>
        <subfield code='d'>OCLCO</subfield>
        <subfield code='d'>NOC</subfield>
      </datafield>
      <datafield ind1=' ' ind2=' ' tag='043'>
        <subfield code='a'>e-uk-st</subfield>
      </datafield>
      <datafield ind1=' ' ind2=' ' tag='046'>
        <subfield code='k'>1948</subfield>
      </datafield>
      <datafield ind1=' ' ind2=' ' tag='049'>
        <subfield code='a'>[Digital][Video][Disc]NOC3</subfield>
      </datafield>
      <datafield ind1=' ' ind2='4' tag='050'>
        <subfield code='a'>PN1997</subfield>
        <subfield code='b'>.M33 2012</subfield>
      </datafield>
      <datafield ind1='0' ind2='4' tag='082'>
        <subfield code='a'>791.43/72</subfield>
        <subfield code='2'>23</subfield>
      </datafield>
      <datafield ind1='0' ind2=' ' tag='130'>
        <subfield code='a'>Macbeth (Motion picture : 1948)</subfield>
      </datafield>
      <datafield ind1='0' ind2='0' tag='245'>
        <subfield code='a'>Macbeth</subfield>
        <subfield code='h'>[videorecording] /</subfield>
        <subfield code='c'>A Republic picture ; Charles K. Feldman presents a Mercury production by Orson Welles ; [written] by William Shakespeare ; directed by Orson Welles.</subfield>
      </datafield>
      <datafield ind1='1' ind2=' ' tag='246'>
        <subfield code='i'>Title appears on disc label as:</subfield>
        <subfield code='a'>Orson Welles Macbeth</subfield>
      </datafield>
      <datafield ind1=' ' ind2=' ' tag='257'>
        <subfield code='a'>United States.</subfield>
      </datafield>
      <datafield ind1=' ' ind2=' ' tag='260'>
        <subfield code='a'>[St. Charles, Ill.] :</subfield>
        <subfield code='b'>Olive Films,</subfield>
        <subfield code='c'>c2012.</subfield>
      </datafield>
      <datafield ind1=' ' ind2=' ' tag='300'>
        <subfield code='a'>1 videodisc (107 min.) :</subfield>
        <subfield code='b'>sd., b&amp;w ;</subfield>
        <subfield code='c'>4 3/4 in.</subfield>
      </datafield>
      <datafield ind1=' ' ind2=' ' tag='500'>
        <subfield code='a'>Originally released as a motion picture in 1948.</subfield>
      </datafield>
      <datafield ind1=' ' ind2=' ' tag='500'>
        <subfield code='a'>Run time: approx. 107 min.</subfield>
      </datafield>
      <datafield ind1=' ' ind2=' ' tag='508'>
        <subfield code='a'>Director of photography, John L. Russell ; music, Jacques Ibert ; film editor, Louis Lindsay.</subfield>
      </datafield>
      <datafield ind1='1' ind2=' ' tag='511'>
        <subfield code='a'>Orson Welles, Jeanette Nolan, Roddy McDowall, Dan O&apos;Herlihy, Edgar Barrier, Alan Napier.</subfield>
      </datafield>
      <datafield ind1=' ' ind2=' ' tag='520'>
        <subfield code='a'>Eleventh century Scottish nobleman Macbeth is led by an evil prophecy and his ruthless yet desirable wife to the treasonous act that makes him king. But he does not enjoy his newfound, dearly-won kingship.</subfield>
      </datafield>
      <datafield ind1='8' ind2=' ' tag='521'>
        <subfield code='a'>Rating: Not rated.</subfield>
      </datafield>
      <datafield ind1=' ' ind2=' ' tag='538'>
        <subfield code='a'>DVD, region 1; full screen (1.37:1) presentation; Dolby digital 2.0.</subfield>
      </datafield>
      <datafield ind1='0' ind2='0' tag='600'>
        <subfield code='a'>Macbeth,</subfield>
        <subfield code='c'>King of Scotland,</subfield>
        <subfield code='d'>active 11th century</subfield>
        <subfield code='v'>Drama.</subfield>
      </datafield>
      <datafield ind1='0' ind2='0' tag='600'>
        <subfield code='a'>Gruoch,</subfield>
        <subfield code='c'>Queen, consort of Macbeth, King of Scotland</subfield>
        <subfield code='v'>Drama.</subfield>
      </datafield>
      <datafield ind1='1' ind2='0' tag='600'>
        <subfield code='a'>Shakespeare, William,</subfield>
        <subfield code='d'>1564-1616</subfield>
        <subfield code='v'>Film adaptations.</subfield>
      </datafield>
      <datafield ind1=' ' ind2='0' tag='651'>
        <subfield code='a'>Scotland</subfield>
        <subfield code='x'>Kings and rulers</subfield>
        <subfield code='v'>Drama.</subfield>
      </datafield>
      <datafield ind1=' ' ind2='7' tag='655'>
        <subfield code='a'>Shakespeare on film.</subfield>
        <subfield code='2'>local</subfield>
      </datafield>
      <datafield ind1=' ' ind2='7' tag='655'>
        <subfield code='a'>British Literature</subfield>
        <subfield code='x'>Adaptations.</subfield>
        <subfield code='2'>local</subfield>
      </datafield>
      <datafield ind1=' ' ind2='7' tag='655'>
        <subfield code='a'>Feature films.</subfield>
        <subfield code='2'>lcgft</subfield>
      </datafield>
      <datafield ind1=' ' ind2='7' tag='655'>
        <subfield code='a'>Film adaptations.</subfield>
        <subfield code='2'>lcgft</subfield>
      </datafield>
      <datafield ind1=' ' ind2='7' tag='655'>
        <subfield code='a'>Fiction films.</subfield>
        <subfield code='2'>lcgft</subfield>
      </datafield>
      <datafield ind1=' ' ind2='7' tag='655'>
        <subfield code='a'>Drama.</subfield>
        <subfield code='2'>local</subfield>
      </datafield>
      <datafield ind1=' ' ind2=' ' tag='691'>
        <subfield code='a'>United States.</subfield>
      </datafield>
      <datafield ind1='1' ind2=' ' tag='700'>
        <subfield code='a'>Feldman, Charles K.,</subfield>
        <subfield code='d'>1904-1968.</subfield>
        <subfield code='4'>pro</subfield>
      </datafield>
      <datafield ind1='1' ind2=' ' tag='700'>
        <subfield code='a'>Welles, Orson,</subfield>
        <subfield code='d'>1915-1985.</subfield>
        <subfield code='4'>drt</subfield>
        <subfield code='4'>act</subfield>
      </datafield>
      <datafield ind1='1' ind2=' ' tag='700'>
        <subfield code='a'>Nolan, Jeanette,</subfield>
        <subfield code='d'>1911-1998.</subfield>
        <subfield code='4'>act</subfield>
      </datafield>
      <datafield ind1='1' ind2=' ' tag='700'>
        <subfield code='a'>McDowall, Roddy.</subfield>
        <subfield code='4'>act</subfield>
      </datafield>
      <datafield ind1='1' ind2=' ' tag='700'>
        <subfield code='a'>O&apos;Herlihy, Dan,</subfield>
        <subfield code='d'>1919-2005.</subfield>
        <subfield code='4'>act</subfield>
      </datafield>
      <datafield ind1='1' ind2=' ' tag='700'>
        <subfield code='a'>Barrier, Edgar,</subfield>
        <subfield code='d'>1907-1964.</subfield>
        <subfield code='4'>act</subfield>
      </datafield>
      <datafield ind1='1' ind2=' ' tag='700'>
        <subfield code='a'>Napier, Alan,</subfield>
        <subfield code='d'>1903-1988.</subfield>
        <subfield code='4'>act</subfield>
      </datafield>
      <datafield ind1='1' ind2=' ' tag='700'>
        <subfield code='a'>Sanford, Erskine,</subfield>
        <subfield code='d'>1885-1969.</subfield>
        <subfield code='4'>act</subfield>
      </datafield>
      <datafield ind1='1' ind2=' ' tag='700'>
        <subfield code='a'>Russell, John L.,</subfield>
        <subfield code='c'>A.S.C.</subfield>
        <subfield code='4'>cng</subfield>
      </datafield>
      <datafield ind1='1' ind2=' ' tag='700'>
        <subfield code='a'>Ibert, Jacques,</subfield>
        <subfield code='d'>1890-1962.</subfield>
        <subfield code='4'>cmp</subfield>
      </datafield>
      <datafield ind1='1' ind2=' ' tag='700'>
        <subfield code='a'>Lindsay, Louis.</subfield>
        <subfield code='4'>flm</subfield>
      </datafield>
      <datafield ind1='1' ind2=' ' tag='700'>
        <subfield code='a'>Shakespeare, William,</subfield>
        <subfield code='d'>1564-1616.</subfield>
        <subfield code='t'>Macbeth.</subfield>
      </datafield>
      <datafield ind1='2' ind2=' ' tag='710'>
        <subfield code='a'>Republic Pictures Corporation.</subfield>
      </datafield>
      <datafield ind1='2' ind2=' ' tag='710'>
        <subfield code='a'>Mercury Productions.</subfield>
      </datafield>
      <datafield ind1='2' ind2=' ' tag='710'>
        <subfield code='a'>Olive Films.</subfield>
      </datafield>
      <datafield ind1=' ' ind2=' ' tag='907'>
        <subfield code='a'>b7634652</subfield>
      </datafield>
      <datafield ind1='9' ind2='1' tag='999'>
        <subfield code='i'>i10196872</subfield>
        <subfield code='l'>uldag</subfield>
        <subfield code='s'>-</subfield>
        <subfield code='t'>60</subfield>
        <subfield code='c'>2</subfield>
        <subfield code='o'>4</subfield>
        <subfield code='b'>00045227805</subfield>
        <subfield code='p'>099#9</subfield>
        <subfield code='q'>|a65-DVD17040</subfield>
      </datafield>
      <datafield ind1='9' ind2='1' tag='999'>
        <subfield code='i'>i10196871</subfield>
        <subfield code='l'>uldal</subfield>
        <subfield code='s'>o</subfield>
        <subfield code='t'>60</subfield>
        <subfield code='c'>1</subfield>
        <subfield code='o'>0</subfield>
        <subfield code='b'>00045227761</subfield>
        <subfield code='p'>099#9</subfield>
        <subfield code='q'>|a65-DVD17040</subfield>
      </datafield>
      <datafield ind1='0' ind2='0' tag='999'>
        <subfield code='a'>2014-01-16 00:00:00-05</subfield>
        <subfield code='c'>2013-12-05 14:04:00-05</subfield>
        <subfield code='u'>2014-03-30 13:30:41-04</subfield>
      </datafield>
  </record>