
  <record>
    <leader>00000cjm a2200517Ia 4500</leader>
      <controlfield tag='007'>sd fsngnnmlnee</controlfield>
      <controlfield tag='008'>010910r1996uuuugw opnn           n ita d</controlfield>
      <controlfield tag='001'>754455119</controlfield>
      <controlfield tag='003'>OCoLC</controlfield>
      <controlfield tag='005'>20131219102303.0</controlfield>
      <datafield ind1='0' ind2='2' tag='028'>
        <subfield code='a'>449 732-2</subfield>
        <subfield code='b'>Deutsche Grammophon</subfield>
        <subfield code='q'>(set)</subfield>
      </datafield>
      <datafield ind1='0' ind2='0' tag='028'>
        <subfield code='a'>449 733-2</subfield>
        <subfield code='b'>Deutsche Grammophon</subfield>
        <subfield code='q'>(disc 1)</subfield>
      </datafield>
      <datafield ind1='0' ind2='0' tag='028'>
        <subfield code='a'>449 734-2</subfield>
        <subfield code='b'>Deutsche Grammophon</subfield>
        <subfield code='q'>(disc 2)</subfield>
      </datafield>
      <datafield ind1=' ' ind2=' ' tag='035'>
        <subfield code='a'>(OCoLC)754455119</subfield>
      </datafield>
      <datafield ind1=' ' ind2=' ' tag='040'>
        <subfield code='a'>UKBOR</subfield>
        <subfield code='b'>eng</subfield>
        <subfield code='c'>UKBOR</subfield>
        <subfield code='d'>OCLCQ</subfield>
        <subfield code='d'>NOC</subfield>
      </datafield>
      <datafield ind1=' ' ind2=' ' tag='049'>
        <subfield code='a'>NODP</subfield>
      </datafield>
      <datafield ind1='1' ind2=' ' tag='100'>
        <subfield code='a'>Verdi, Giuseppe,</subfield>
        <subfield code='d'>1813-1901,</subfield>
        <subfield code='e'>composer.</subfield>
      </datafield>
      <datafield ind1='1' ind2='0' tag='245'>
        <subfield code='a'>Macbeth</subfield>
        <subfield code='h'>[sound recording] /</subfield>
        <subfield code='c'>Giuseppe Verdi.</subfield>
      </datafield>
      <datafield ind1=' ' ind2=' ' tag='260'>
        <subfield code='a'>[Germany] :</subfield>
        <subfield code='b'>Deutsche Grammophon ;</subfield>
        <subfield code='a'>Hamburg :</subfield>
        <subfield code='b'>Polydor International GmbH,</subfield>
        <subfield code='c'>[1996?], ℗1976.</subfield>
      </datafield>
      <datafield ind1=' ' ind2=' ' tag='300'>
        <subfield code='a'>2 audio discs :</subfield>
        <subfield code='b'>digital, stereo ;</subfield>
        <subfield code='c'>4 3/4 in.</subfield>
      </datafield>
      <datafield ind1=' ' ind2=' ' tag='500'>
        <subfield code='a'>Libretto by Francesco Maria Piave.</subfield>
      </datafield>
      <datafield ind1=' ' ind2=' ' tag='500'>
        <subfield code='a'>Reissue.</subfield>
      </datafield>
      <datafield ind1=' ' ind2=' ' tag='500'>
        <subfield code='a'>Compact discs.</subfield>
      </datafield>
      <datafield ind1=' ' ind2=' ' tag='500'>
        <subfield code='a'>Essays, synopsis, and libretto in Italian with English translations (54 pages) laid in container.</subfield>
      </datafield>
      <datafield ind1='0' ind2=' ' tag='511'>
        <subfield code='a'>Shirley Verrett (Lady Macbeth), mezzo-soprano; Placido Domingo (Macduff), tenor; Piero Cappuccilli (Macbeth), Nicolai Ghiaurov (Banco), baritones; additional soloists; Chorus and Orchestra of La Scala, Milan; Claudio Abbado, conductor.</subfield>
      </datafield>
      <datafield ind1=' ' ind2=' ' tag='518'>
        <subfield code='a'>Recorded at the Centro Telecinematografico Culturale, 1976.</subfield>
      </datafield>
      <datafield ind1=' ' ind2=' ' tag='546'>
        <subfield code='a'>Opera in four acts; sung in Italian.</subfield>
      </datafield>
      <datafield ind1='0' ind2='0' tag='600'>
        <subfield code='a'>Macbeth,</subfield>
        <subfield code='c'>King of Scotland,</subfield>
        <subfield code='d'>active 11th century</subfield>
        <subfield code='v'>Drama.</subfield>
      </datafield>
      <datafield ind1=' ' ind2='7' tag='655'>
        <subfield code='a'>Operas.</subfield>
        <subfield code='2'>lcgft</subfield>
      </datafield>
      <datafield ind1='1' ind2=' ' tag='700'>
        <subfield code='a'>Piave, Francesco Maria,</subfield>
        <subfield code='d'>1810-1876,</subfield>
        <subfield code='e'>librettist.</subfield>
      </datafield>
      <datafield ind1='1' ind2=' ' tag='700'>
        <subfield code='a'>Verrett, Shirley,</subfield>
        <subfield code='e'>singer.</subfield>
      </datafield>
      <datafield ind1='1' ind2=' ' tag='700'>
        <subfield code='a'>Domingo, Plácido,</subfield>
        <subfield code='d'>1941-</subfield>
        <subfield code='e'>singer.</subfield>
      </datafield>
      <datafield ind1='1' ind2=' ' tag='700'>
        <subfield code='a'>Cappuccilli, Piero,</subfield>
        <subfield code='e'>singer.</subfield>
      </datafield>
      <datafield ind1='1' ind2=' ' tag='700'>
        <subfield code='a'>Ghiaurov, Nicolai,</subfield>
        <subfield code='d'>1929-2004,</subfield>
        <subfield code='e'>singer.</subfield>
      </datafield>
      <datafield ind1='1' ind2=' ' tag='700'>
        <subfield code='a'>Abbado, Claudio,</subfield>
        <subfield code='e'>conductor.</subfield>
      </datafield>
      <datafield ind1='1' ind2=' ' tag='700'>
        <subfield code='a'>Shakespeare, William,</subfield>
        <subfield code='d'>1564-1616.</subfield>
        <subfield code='t'>Macbeth.</subfield>
      </datafield>
      <datafield ind1='2' ind2=' ' tag='710'>
        <subfield code='a'>Teatro alla Scala,</subfield>
        <subfield code='e'>performer.</subfield>
      </datafield>
      <datafield ind1=' ' ind2='0' tag='830'>
        <subfield code='a'>Originals (Hamburg, Germany)</subfield>
      </datafield>
      <datafield ind1=' ' ind2=' ' tag='907'>
        <subfield code='a'>b7642943</subfield>
      </datafield>
      <datafield ind1='9' ind2='1' tag='999'>
        <subfield code='i'>i10178265</subfield>
        <subfield code='l'>mmdd</subfield>
        <subfield code='s'>-</subfield>
        <subfield code='t'>50</subfield>
        <subfield code='c'>1</subfield>
        <subfield code='o'>0</subfield>
        <subfield code='b'>00047204808</subfield>
        <subfield code='p'>099#9</subfield>
        <subfield code='q'>|aCD-27,030</subfield>
      </datafield>
      <datafield ind1='0' ind2='0' tag='999'>
        <subfield code='a'>2013-12-19 00:00:00-05</subfield>
        <subfield code='c'>2013-12-19 10:23:05-05</subfield>
        <subfield code='u'>2016-10-23 07:09:03-04</subfield>
      </datafield>
  </record>