
  <record>
    <leader>00000cam a2200433Mi 4500</leader>
      <controlfield tag='008'>990624s1847    it            000 0 ita d</controlfield>
      <controlfield tag='001'>83824175</controlfield>
      <controlfield tag='003'>OCoLC</controlfield>
      <controlfield tag='005'>20150807032227.0</controlfield>
      <datafield ind1='8' ind2=' ' tag='024'>
        <subfield code='a'>GWM M7</subfield>
      </datafield>
      <datafield ind1=' ' ind2=' ' tag='035'>
        <subfield code='a'>(OCoLC)83824175</subfield>
      </datafield>
      <datafield ind1=' ' ind2=' ' tag='040'>
        <subfield code='a'>AN#</subfield>
        <subfield code='b'>eng</subfield>
        <subfield code='c'>AN#</subfield>
        <subfield code='d'>OCLCF</subfield>
        <subfield code='d'>OCLCO</subfield>
        <subfield code='d'>OCLCQ</subfield>
        <subfield code='d'>OCLCO</subfield>
        <subfield code='d'>NOC</subfield>
      </datafield>
      <datafield ind1=' ' ind2=' ' tag='049'>
        <subfield code='a'>[Vault]NOCW</subfield>
      </datafield>
      <datafield ind1='1' ind2='4' tag='050'>
        <subfield code='a'>M7</subfield>
      </datafield>
      <datafield ind1='1' ind2=' ' tag='100'>
        <subfield code='a'>Piave, Francesco Maria,</subfield>
        <subfield code='d'>1810-1876,</subfield>
        <subfield code='e'>librettist.</subfield>
      </datafield>
      <datafield ind1='1' ind2='0' tag='245'>
        <subfield code='a'>Macbeth :</subfield>
        <subfield code='b'>tragedia lirica in 4 atti /</subfield>
        <subfield code='c'>musica del Maestro Giuseppe Verdi ; da rappresentare nel gran Teatro La Fenice nel Carnovale 1847-48.</subfield>
      </datafield>
      <datafield ind1=' ' ind2=' ' tag='260'>
        <subfield code='a'>Venezia :</subfield>
        <subfield code='b'>Dalla Tipografia Rizzi,</subfield>
        <subfield code='c'>1847.</subfield>
      </datafield>
      <datafield ind1=' ' ind2=' ' tag='300'>
        <subfield code='a'>32 pages ;</subfield>
        <subfield code='c'>18 cm</subfield>
      </datafield>
      <datafield ind1=' ' ind2=' ' tag='336'>
        <subfield code='a'>text</subfield>
        <subfield code='b'>txt</subfield>
        <subfield code='2'>rdacontent</subfield>
      </datafield>
      <datafield ind1=' ' ind2=' ' tag='337'>
        <subfield code='a'>unmediated</subfield>
        <subfield code='b'>n</subfield>
        <subfield code='2'>rdamedia</subfield>
      </datafield>
      <datafield ind1=' ' ind2=' ' tag='338'>
        <subfield code='a'>volume</subfield>
        <subfield code='b'>nc</subfield>
        <subfield code='2'>rdacarrier</subfield>
      </datafield>
      <datafield ind1=' ' ind2=' ' tag='500'>
        <subfield code='a'>Libretto by F.M. Piave and A. Maffei, after Shakespeare. Cf. New Grove.</subfield>
      </datafield>
      <datafield ind1=' ' ind2=' ' tag='500'>
        <subfield code='a'>T.p.: p. [1]; &quot;Professori d&apos;orchestra&quot;: p. [3]; &quot;Personaggi&quot; and &quot;Attori&quot;: p. [4].</subfield>
      </datafield>
      <datafield ind1=' ' ind2=' ' tag='500'>
        <subfield code='a'>The singers listed under &quot;Attori&quot; are: &quot;N.N.,&quot; Felice Varesi, Fulvio Rigo, Annetta De-la-Grang [sic], Rosa Maria Zambellide, Antonio Palma, Angelo Zuliani, &quot;N.N.,&quot; Andrea Bellini, Eugenio Monzani, and Giuseppe Tona.</subfield>
      </datafield>
      <datafield ind1=' ' ind2=' ' tag='500'>
        <subfield code='a'>Probable first edition for the first performance of the opera in Venice.</subfield>
      </datafield>
      <datafield ind1=' ' ind2=' ' tag='500'>
        <subfield code='a'>UNC Italian Opera Libretto Collection.</subfield>
        <subfield code='5'>NcU</subfield>
      </datafield>
      <datafield ind1='4' ind2=' ' tag='510'>
        <subfield code='a'>Macbeth sourcebook,</subfield>
        <subfield code='c'>p. 428</subfield>
      </datafield>
      <datafield ind1=' ' ind2='0' tag='650'>
        <subfield code='a'>Operas</subfield>
        <subfield code='v'>Librettos.</subfield>
      </datafield>
      <datafield ind1=' ' ind2='7' tag='655'>
        <subfield code='a'>Librettos.</subfield>
        <subfield code='2'>lcgft</subfield>
      </datafield>
      <datafield ind1='1' ind2=' ' tag='700'>
        <subfield code='i'>Libretto for (work):</subfield>
        <subfield code='a'>Verdi, Giuseppe,</subfield>
        <subfield code='d'>1813-1901.</subfield>
        <subfield code='t'>Macbeth.</subfield>
      </datafield>
      <datafield ind1='1' ind2=' ' tag='700'>
        <subfield code='a'>Maffei, Andrea,</subfield>
        <subfield code='d'>1798-1885,</subfield>
        <subfield code='e'>librettist.</subfield>
      </datafield>
      <datafield ind1='1' ind2=' ' tag='700'>
        <subfield code='i'>Opera adaptation of (work):</subfield>
        <subfield code='a'>Shakespeare, William,</subfield>
        <subfield code='d'>1564-1616.</subfield>
        <subfield code='t'>Macbeth.</subfield>
      </datafield>
      <datafield ind1=' ' ind2=' ' tag='907'>
        <subfield code='a'>b8295641</subfield>
      </datafield>
      <datafield ind1='9' ind2='1' tag='999'>
        <subfield code='i'>i10828762</subfield>
        <subfield code='l'>mmra</subfield>
        <subfield code='s'>o</subfield>
        <subfield code='t'>0</subfield>
        <subfield code='c'>1</subfield>
        <subfield code='o'>0</subfield>
        <subfield code='p'>099#9</subfield>
        <subfield code='q'>|aIOLC-01171</subfield>
      </datafield>
      <datafield ind1='0' ind2='0' tag='999'>
        <subfield code='a'>2015-08-07 00:00:00-04</subfield>
        <subfield code='c'>2015-08-07 15:22:27-04</subfield>
        <subfield code='u'>2017-10-23 12:21:01-04</subfield>
      </datafield>
  </record>