
  <record>
    <leader>00000cgm a2201381Ii 4500</leader>
      <controlfield tag='007'>vd cvaizq</controlfield>
      <controlfield tag='008'>160125p20162015cau113 e          vleng d</controlfield>
      <controlfield tag='001'>935951181</controlfield>
      <controlfield tag='003'>OCoLC</controlfield>
      <controlfield tag='005'>20160330045118.0</controlfield>
      <datafield ind1='1' ind2=' ' tag='024'>
        <subfield code='a'>013132622545</subfield>
      </datafield>
      <datafield ind1='4' ind2='2' tag='028'>
        <subfield code='a'>WC62254</subfield>
        <subfield code='b'>Anchor Bay Entertainment</subfield>
      </datafield>
      <datafield ind1='1' ind2=' ' tag='029'>
        <subfield code='a'>NZ1</subfield>
        <subfield code='b'>16247866</subfield>
      </datafield>
      <datafield ind1=' ' ind2=' ' tag='035'>
        <subfield code='a'>(OCoLC)935951181</subfield>
      </datafield>
      <datafield ind1=' ' ind2=' ' tag='040'>
        <subfield code='a'>TEFMT</subfield>
        <subfield code='b'>eng</subfield>
        <subfield code='e'>rda</subfield>
        <subfield code='c'>TEFMT</subfield>
        <subfield code='d'>TEF</subfield>
        <subfield code='d'>OCLCO</subfield>
        <subfield code='d'>TEFMT</subfield>
        <subfield code='d'>OCLCO</subfield>
        <subfield code='d'>NZUPM</subfield>
        <subfield code='d'>GK8</subfield>
        <subfield code='d'>OCLCO</subfield>
        <subfield code='d'>MR0</subfield>
        <subfield code='d'>WIM</subfield>
        <subfield code='d'>OCLCO</subfield>
        <subfield code='d'>OVY</subfield>
        <subfield code='d'>TXI</subfield>
        <subfield code='d'>OCLCF</subfield>
        <subfield code='d'>NOC</subfield>
      </datafield>
      <datafield ind1='1' ind2=' ' tag='041'>
        <subfield code='a'>eng</subfield>
        <subfield code='j'>eng</subfield>
        <subfield code='j'>spa</subfield>
        <subfield code='h'>eng</subfield>
      </datafield>
      <datafield ind1=' ' ind2=' ' tag='043'>
        <subfield code='a'>e-uk-st</subfield>
      </datafield>
      <datafield ind1=' ' ind2=' ' tag='049'>
        <subfield code='a'>NOC3</subfield>
        <subfield code='a'>[Digital][Video][Disc]NOC3</subfield>
      </datafield>
      <datafield ind1=' ' ind2='4' tag='050'>
        <subfield code='a'>PN1997.2</subfield>
        <subfield code='b'>.M33 2016</subfield>
      </datafield>
      <datafield ind1='0' ind2='4' tag='082'>
        <subfield code='a'>791.43/72</subfield>
        <subfield code='2'>23</subfield>
      </datafield>
      <datafield ind1='0' ind2=' ' tag='130'>
        <subfield code='a'>Macbeth (Motion picture : 2015 : Justin Kurzel)</subfield>
      </datafield>
      <datafield ind1='0' ind2='0' tag='245'>
        <subfield code='a'>Macbeth /</subfield>
        <subfield code='c'>The Weinstein Company and RADiUS-TWC present ; StudioCanal and Film4 present in association with DMC Film, Anton Capital Entertainment S.C.A. and Creative Scotland ; a See-Saw Films production ; directed by Justin Kurzel ; screenplay by Todd Louiso &amp; Jacob Koskoff and Michael Lesslie ; produced by Iain Canning, Emile Sherman, Laura Hastings-Smith ; executive producers, Tessa Ross, Olivier Courson, Danny Perkins, Jenny Borgars ; executive producers, Bob Weinstein, Harvey Weinstein ; a film by Justin Kurzel.</subfield>
      </datafield>
      <datafield ind1=' ' ind2='1' tag='264'>
        <subfield code='a'>Beverly Hills, CA :</subfield>
        <subfield code='b'>Anchor Bay Entertainment,</subfield>
        <subfield code='c'>[2016]</subfield>
      </datafield>
      <datafield ind1=' ' ind2=' ' tag='300'>
        <subfield code='a'>1 videodisc (113 min.) :</subfield>
        <subfield code='b'>sound, color ;</subfield>
        <subfield code='c'>4 3/4 in.</subfield>
      </datafield>
      <datafield ind1=' ' ind2=' ' tag='336'>
        <subfield code='a'>two-dimensional moving image</subfield>
        <subfield code='b'>tdi</subfield>
        <subfield code='2'>rdacontent</subfield>
      </datafield>
      <datafield ind1=' ' ind2=' ' tag='337'>
        <subfield code='a'>video</subfield>
        <subfield code='b'>v</subfield>
        <subfield code='2'>rdamedia</subfield>
      </datafield>
      <datafield ind1=' ' ind2=' ' tag='338'>
        <subfield code='a'>videodisc</subfield>
        <subfield code='b'>vd</subfield>
        <subfield code='2'>rdacarrier</subfield>
      </datafield>
      <datafield ind1=' ' ind2=' ' tag='340'>
        <subfield code='a'>DVD video</subfield>
        <subfield code='b'>4 3/4 in.</subfield>
        <subfield code='2'>rda</subfield>
      </datafield>
      <datafield ind1=' ' ind2=' ' tag='344'>
        <subfield code='a'>digital</subfield>
        <subfield code='b'>optical</subfield>
        <subfield code='g'>5.1 surround</subfield>
        <subfield code='h'>Dolby digital</subfield>
        <subfield code='2'>rda</subfield>
      </datafield>
      <datafield ind1=' ' ind2=' ' tag='345'>
        <subfield code='a'>anamorphic widescreen (2.39:1)</subfield>
        <subfield code='2'>rda</subfield>
      </datafield>
      <datafield ind1=' ' ind2=' ' tag='346'>
        <subfield code='a'>DVD-video</subfield>
        <subfield code='b'>NTSC</subfield>
        <subfield code='2'>rda</subfield>
      </datafield>
      <datafield ind1=' ' ind2=' ' tag='347'>
        <subfield code='a'>video file</subfield>
        <subfield code='b'>DVD video</subfield>
        <subfield code='e'>region 1</subfield>
        <subfield code='2'>rda</subfield>
      </datafield>
      <datafield ind1=' ' ind2=' ' tag='380'>
        <subfield code='a'>Motion picture.</subfield>
      </datafield>
      <datafield ind1=' ' ind2=' ' tag='500'>
        <subfield code='a'>Based on the play by William Shakespeare.</subfield>
      </datafield>
      <datafield ind1=' ' ind2=' ' tag='500'>
        <subfield code='a'>DVD release of the 2015 motion picture.</subfield>
      </datafield>
      <datafield ind1=' ' ind2=' ' tag='500'>
        <subfield code='a'>Widescreen.</subfield>
      </datafield>
      <datafield ind1=' ' ind2=' ' tag='500'>
        <subfield code='a'>Bonus features: Making Macbeth (8 min. making-of featurette); Q&amp;A with Michael Fassbender.</subfield>
      </datafield>
      <datafield ind1=' ' ind2=' ' tag='508'>
        <subfield code='a'>Director of photography, Adam Arkapaw ; production designer, Fiona Crombie ; editor, Chris Dickens ; composer, Jed Kurzel ; costume designer, Jacqueline Durran.</subfield>
      </datafield>
      <datafield ind1='1' ind2=' ' tag='511'>
        <subfield code='a'>Michael Fassbender, Marion Cotillard, Paddy Considine, Sean Harris, Jack Reynor, Elizabeth Debicki, David Thewlis, David Hayman, Maurice Roëves, Ross Anderson, James Harkness.</subfield>
      </datafield>
      <datafield ind1=' ' ind2=' ' tag='520'>
        <subfield code='a'>A thrilling interpretation of one of Shakespeare&apos;s most famous and compelling characters, Macbeth is a dramatic re-imagining of the realities of war-torn times and a tale of all-consuming passion and ambition.</subfield>
      </datafield>
      <datafield ind1='8' ind2=' ' tag='521'>
        <subfield code='a'>MPAA rating: R; for strong violence and brief sexuality.</subfield>
      </datafield>
      <datafield ind1=' ' ind2=' ' tag='538'>
        <subfield code='a'>DVD ; NTSC, region 1 ; anamorphic widescreen (2.39:1) presentation ; Dolby digital 5.1 surround.</subfield>
      </datafield>
      <datafield ind1=' ' ind2=' ' tag='546'>
        <subfield code='a'>In English, with optional subtitles in English or Spanish; Closed-captioned.</subfield>
      </datafield>
      <datafield ind1='0' ind2='0' tag='600'>
        <subfield code='a'>Macbeth,</subfield>
        <subfield code='c'>King of Scotland,</subfield>
        <subfield code='d'>active 11th century</subfield>
        <subfield code='v'>Drama.</subfield>
      </datafield>
      <datafield ind1='0' ind2='0' tag='600'>
        <subfield code='a'>Gruoch,</subfield>
        <subfield code='c'>Queen, consort of Macbeth, King of Scotland</subfield>
        <subfield code='v'>Drama.</subfield>
      </datafield>
      <datafield ind1='0' ind2='7' tag='600'>
        <subfield code='a'>Gruoch,</subfield>
        <subfield code='c'>Queen, consort of Macbeth, King of Scotland.</subfield>
        <subfield code='2'>fast</subfield>
        <subfield code='0'>(OCoLC)fst00046383</subfield>
      </datafield>
      <datafield ind1='0' ind2='7' tag='600'>
        <subfield code='a'>Macbeth,</subfield>
        <subfield code='c'>King of Scotland,</subfield>
        <subfield code='d'>active 11th century.</subfield>
        <subfield code='2'>fast</subfield>
        <subfield code='0'>(OCoLC)fst01831984</subfield>
      </datafield>
      <datafield ind1=' ' ind2='0' tag='650'>
        <subfield code='a'>Regicides</subfield>
        <subfield code='v'>Drama.</subfield>
      </datafield>
      <datafield ind1=' ' ind2='7' tag='650'>
        <subfield code='a'>Kings and rulers.</subfield>
        <subfield code='2'>fast</subfield>
        <subfield code='0'>(OCoLC)fst00987694</subfield>
      </datafield>
      <datafield ind1=' ' ind2='7' tag='650'>
        <subfield code='a'>Regicides.</subfield>
        <subfield code='2'>fast</subfield>
        <subfield code='0'>(OCoLC)fst01093065</subfield>
      </datafield>
      <datafield ind1=' ' ind2='0' tag='651'>
        <subfield code='a'>Scotland</subfield>
        <subfield code='x'>Kings and rulers</subfield>
        <subfield code='v'>Drama.</subfield>
      </datafield>
      <datafield ind1=' ' ind2='7' tag='651'>
        <subfield code='a'>Scotland.</subfield>
        <subfield code='2'>fast</subfield>
        <subfield code='0'>(OCoLC)fst01206715</subfield>
      </datafield>
      <datafield ind1=' ' ind2='7' tag='655'>
        <subfield code='a'>Film adaptations.</subfield>
        <subfield code='2'>lcgft</subfield>
      </datafield>
      <datafield ind1=' ' ind2='7' tag='655'>
        <subfield code='a'>Fiction films.</subfield>
        <subfield code='2'>lcgft</subfield>
      </datafield>
      <datafield ind1=' ' ind2='7' tag='655'>
        <subfield code='a'>Feature films.</subfield>
        <subfield code='2'>lcgft</subfield>
      </datafield>
      <datafield ind1=' ' ind2='7' tag='655'>
        <subfield code='a'>War films.</subfield>
        <subfield code='2'>lcgft</subfield>
      </datafield>
      <datafield ind1=' ' ind2='7' tag='655'>
        <subfield code='a'>Video recordings for the hearing impaired.</subfield>
        <subfield code='2'>lcgft</subfield>
      </datafield>
      <datafield ind1=' ' ind2='7' tag='655'>
        <subfield code='a'>Drama.</subfield>
        <subfield code='2'>fast</subfield>
        <subfield code='0'>(OCoLC)fst01423879</subfield>
      </datafield>
      <datafield ind1=' ' ind2='7' tag='655'>
        <subfield code='a'>Feature films.</subfield>
        <subfield code='2'>fast</subfield>
        <subfield code='0'>(OCoLC)fst01710384</subfield>
      </datafield>
      <datafield ind1=' ' ind2='7' tag='655'>
        <subfield code='a'>Fiction films.</subfield>
        <subfield code='2'>fast</subfield>
        <subfield code='0'>(OCoLC)fst01710264</subfield>
      </datafield>
      <datafield ind1=' ' ind2='7' tag='655'>
        <subfield code='a'>Film adaptations.</subfield>
        <subfield code='2'>fast</subfield>
        <subfield code='0'>(OCoLC)fst01710491</subfield>
      </datafield>
      <datafield ind1=' ' ind2='7' tag='655'>
        <subfield code='a'>Video recordings for the hearing impaired.</subfield>
        <subfield code='2'>fast</subfield>
        <subfield code='0'>(OCoLC)fst01710450</subfield>
      </datafield>
      <datafield ind1=' ' ind2='7' tag='655'>
        <subfield code='a'>British Literature</subfield>
        <subfield code='x'>Adaptations.</subfield>
        <subfield code='2'>local</subfield>
      </datafield>
      <datafield ind1=' ' ind2='7' tag='655'>
        <subfield code='a'>Drama.</subfield>
        <subfield code='2'>local</subfield>
      </datafield>
      <datafield ind1=' ' ind2='7' tag='655'>
        <subfield code='a'>Shakespeare on film.</subfield>
        <subfield code='2'>local</subfield>
      </datafield>
      <datafield ind1=' ' ind2='7' tag='655'>
        <subfield code='a'>War Movies.</subfield>
        <subfield code='2'>local</subfield>
      </datafield>
      <datafield ind1=' ' ind2='7' tag='655'>
        <subfield code='a'>Foreign films</subfield>
        <subfield code='z'>Great Britain.</subfield>
        <subfield code='2'>local</subfield>
      </datafield>
      <datafield ind1=' ' ind2='7' tag='655'>
        <subfield code='a'>British Cinema.</subfield>
        <subfield code='2'>local</subfield>
      </datafield>
      <datafield ind1=' ' ind2=' ' tag='691'>
        <subfield code='a'>Great Britain.</subfield>
      </datafield>
      <datafield ind1='1' ind2=' ' tag='700'>
        <subfield code='a'>Kurzel, Justin,</subfield>
        <subfield code='e'>film director.</subfield>
      </datafield>
      <datafield ind1='1' ind2=' ' tag='700'>
        <subfield code='a'>Louiso, Todd,</subfield>
        <subfield code='e'>screenwriter.</subfield>
      </datafield>
      <datafield ind1='1' ind2=' ' tag='700'>
        <subfield code='a'>Koskoff, Jacob,</subfield>
        <subfield code='e'>screenwriter.</subfield>
      </datafield>
      <datafield ind1='1' ind2=' ' tag='700'>
        <subfield code='a'>Lesslie, Michael,</subfield>
        <subfield code='e'>screenwriter.</subfield>
      </datafield>
      <datafield ind1='1' ind2=' ' tag='700'>
        <subfield code='a'>Canning, Iain,</subfield>
        <subfield code='e'>film producer.</subfield>
      </datafield>
      <datafield ind1='1' ind2=' ' tag='700'>
        <subfield code='a'>Sherman, Emile,</subfield>
        <subfield code='e'>film producer.</subfield>
      </datafield>
      <datafield ind1='1' ind2=' ' tag='700'>
        <subfield code='a'>Hastings-Smith, Laura,</subfield>
        <subfield code='e'>film producer.</subfield>
      </datafield>
      <datafield ind1='1' ind2=' ' tag='700'>
        <subfield code='a'>Ross, Tessa,</subfield>
        <subfield code='e'>film producer.</subfield>
      </datafield>
      <datafield ind1='1' ind2=' ' tag='700'>
        <subfield code='a'>Courson, Olivier,</subfield>
        <subfield code='e'>film producer.</subfield>
      </datafield>
      <datafield ind1='1' ind2=' ' tag='700'>
        <subfield code='a'>Perkins, Danny,</subfield>
        <subfield code='e'>film producer.</subfield>
      </datafield>
      <datafield ind1='1' ind2=' ' tag='700'>
        <subfield code='a'>Borgars, Jenny,</subfield>
        <subfield code='e'>film producer.</subfield>
      </datafield>
      <datafield ind1='1' ind2=' ' tag='700'>
        <subfield code='a'>Weinstein, Bob,</subfield>
        <subfield code='d'>1953-</subfield>
        <subfield code='e'>film producer.</subfield>
      </datafield>
      <datafield ind1='1' ind2=' ' tag='700'>
        <subfield code='a'>Weinstein, Harvey,</subfield>
        <subfield code='d'>1952-</subfield>
        <subfield code='e'>film producer.</subfield>
      </datafield>
      <datafield ind1='1' ind2=' ' tag='700'>
        <subfield code='a'>Fassbender, Michael,</subfield>
        <subfield code='d'>1977-</subfield>
        <subfield code='e'>actor.</subfield>
      </datafield>
      <datafield ind1='1' ind2=' ' tag='700'>
        <subfield code='a'>Cotillard, Marion,</subfield>
        <subfield code='d'>1975-</subfield>
        <subfield code='e'>actor.</subfield>
      </datafield>
      <datafield ind1='1' ind2=' ' tag='700'>
        <subfield code='a'>Considine, Paddy,</subfield>
        <subfield code='e'>actor.</subfield>
      </datafield>
      <datafield ind1='1' ind2=' ' tag='700'>
        <subfield code='a'>Harris, Sean,</subfield>
        <subfield code='d'>1966-</subfield>
        <subfield code='e'>actor.</subfield>
      </datafield>
      <datafield ind1='1' ind2=' ' tag='700'>
        <subfield code='a'>Reynor, Jack,</subfield>
        <subfield code='d'>1992-</subfield>
        <subfield code='e'>actor.</subfield>
      </datafield>
      <datafield ind1='1' ind2=' ' tag='700'>
        <subfield code='a'>Debicki, Elizabeth,</subfield>
        <subfield code='e'>actor.</subfield>
      </datafield>
      <datafield ind1='1' ind2=' ' tag='700'>
        <subfield code='a'>Thewlis, David,</subfield>
        <subfield code='d'>1963-</subfield>
        <subfield code='e'>actor.</subfield>
      </datafield>
      <datafield ind1='1' ind2=' ' tag='700'>
        <subfield code='a'>Hayman, David,</subfield>
        <subfield code='d'>1950-</subfield>
        <subfield code='e'>actor.</subfield>
      </datafield>
      <datafield ind1='1' ind2=' ' tag='700'>
        <subfield code='a'>Roëves, Maurice,</subfield>
        <subfield code='e'>actor.</subfield>
      </datafield>
      <datafield ind1='1' ind2=' ' tag='700'>
        <subfield code='a'>Anderson, Ross</subfield>
        <subfield code='c'>(Actor),</subfield>
        <subfield code='e'>actor.</subfield>
      </datafield>
      <datafield ind1='1' ind2=' ' tag='700'>
        <subfield code='a'>Harkness, James,</subfield>
        <subfield code='e'>actor.</subfield>
      </datafield>
      <datafield ind1='1' ind2=' ' tag='700'>
        <subfield code='a'>Arkapaw, Adam,</subfield>
        <subfield code='e'>director of photography.</subfield>
      </datafield>
      <datafield ind1='1' ind2=' ' tag='700'>
        <subfield code='a'>Crombie, Fiona,</subfield>
        <subfield code='e'>production designer.</subfield>
      </datafield>
      <datafield ind1='1' ind2=' ' tag='700'>
        <subfield code='a'>Dickens, Chris</subfield>
        <subfield code='c'>(Film editor),</subfield>
        <subfield code='e'>editor of moving image work.</subfield>
      </datafield>
      <datafield ind1='1' ind2=' ' tag='700'>
        <subfield code='a'>Kurzel, Jed,</subfield>
        <subfield code='e'>composer (expression)</subfield>
      </datafield>
      <datafield ind1='1' ind2=' ' tag='700'>
        <subfield code='a'>Durran, Jacqueline,</subfield>
        <subfield code='e'>costume designer.</subfield>
      </datafield>
      <datafield ind1='1' ind2=' ' tag='700'>
        <subfield code='i'>Motion picture adaptation of (work):</subfield>
        <subfield code='a'>Shakespeare, William,</subfield>
        <subfield code='d'>1564-1616.</subfield>
        <subfield code='t'>Macbeth.</subfield>
      </datafield>
      <datafield ind1='2' ind2=' ' tag='710'>
        <subfield code='a'>Weinstein Company,</subfield>
        <subfield code='e'>presenter.</subfield>
      </datafield>
      <datafield ind1='2' ind2=' ' tag='710'>
        <subfield code='a'>RADiUS TWC (Firm),</subfield>
        <subfield code='e'>presenter.</subfield>
      </datafield>
      <datafield ind1='2' ind2=' ' tag='710'>
        <subfield code='a'>Studio Canal,</subfield>
        <subfield code='e'>presenter.</subfield>
      </datafield>
      <datafield ind1='2' ind2=' ' tag='710'>
        <subfield code='a'>FilmFour (Firm),</subfield>
        <subfield code='e'>presenter.</subfield>
      </datafield>
      <datafield ind1='2' ind2=' ' tag='710'>
        <subfield code='a'>DMC Film,</subfield>
        <subfield code='e'>presenter.</subfield>
      </datafield>
      <datafield ind1='2' ind2=' ' tag='710'>
        <subfield code='a'>Anton Capital Entertainment (Firm),</subfield>
        <subfield code='e'>presenter.</subfield>
      </datafield>
      <datafield ind1='2' ind2=' ' tag='710'>
        <subfield code='a'>Creative Scotland (Organization),</subfield>
        <subfield code='e'>presenter.</subfield>
      </datafield>
      <datafield ind1='2' ind2=' ' tag='710'>
        <subfield code='a'>See-Saw Films,</subfield>
        <subfield code='e'>production company.</subfield>
      </datafield>
      <datafield ind1='2' ind2=' ' tag='710'>
        <subfield code='a'>Anchor Bay Entertainment, Inc.,</subfield>
        <subfield code='e'>publisher.</subfield>
      </datafield>
      <datafield ind1='0' ind2=' ' tag='730'>
        <subfield code='a'>Macbeth (Motion picture : 2015)</subfield>
      </datafield>
      <datafield ind1=' ' ind2=' ' tag='907'>
        <subfield code='a'>b8435513</subfield>
      </datafield>
      <datafield ind1='9' ind2='1' tag='999'>
        <subfield code='i'>i10979971</subfield>
        <subfield code='l'>uldag</subfield>
        <subfield code='s'>-</subfield>
        <subfield code='t'>60</subfield>
        <subfield code='c'>2</subfield>
        <subfield code='o'>23</subfield>
        <subfield code='b'>00050299309</subfield>
        <subfield code='p'>099#9</subfield>
        <subfield code='q'>|a65-DVD20571</subfield>
      </datafield>
      <datafield ind1='9' ind2='1' tag='999'>
        <subfield code='i'>i10979970</subfield>
        <subfield code='l'>ulba</subfield>
        <subfield code='s'>o</subfield>
        <subfield code='t'>82</subfield>
        <subfield code='c'>1</subfield>
        <subfield code='o'>0</subfield>
        <subfield code='b'>00050299292</subfield>
        <subfield code='p'>099#9</subfield>
        <subfield code='q'>|a65-DVD20571</subfield>
      </datafield>
      <datafield ind1='0' ind2='0' tag='999'>
        <subfield code='a'>2016-03-30 00:00:00-04</subfield>
        <subfield code='c'>2016-03-08 13:53:00-05</subfield>
        <subfield code='u'>2017-09-20 15:06:29-04</subfield>
      </datafield>
  </record>