
  <record>
    <leader>00000cam a2200385Ma 4500</leader>
      <controlfield tag='008'>990503s1867    it            000 d ita d</controlfield>
      <controlfield tag='001'>881562989</controlfield>
      <controlfield tag='003'>OCoLC</controlfield>
      <controlfield tag='005'>20160506025756.0</controlfield>
      <datafield ind1=' ' ind2=' ' tag='035'>
        <subfield code='a'>(OCoLC)881562989</subfield>
      </datafield>
      <datafield ind1=' ' ind2=' ' tag='040'>
        <subfield code='a'>HHG</subfield>
        <subfield code='b'>eng</subfield>
        <subfield code='c'>HHG</subfield>
        <subfield code='d'>OCLCO</subfield>
        <subfield code='d'>OCLCQ</subfield>
        <subfield code='d'>NOC</subfield>
      </datafield>
      <datafield ind1=' ' ind2=' ' tag='049'>
        <subfield code='a'>[Vault]NOCW</subfield>
      </datafield>
      <datafield ind1='1' ind2=' ' tag='100'>
        <subfield code='a'>Piave, Francesco Maria,</subfield>
        <subfield code='d'>1810-1876,</subfield>
        <subfield code='e'>librettist.</subfield>
      </datafield>
      <datafield ind1='1' ind2='0' tag='245'>
        <subfield code='a'>Macbeth :</subfield>
        <subfield code='b'>melodramma in quattro atti /</subfield>
        <subfield code='c'>di F.M. Piave ; musica del maestro cav. Giuseppe Verdi ; da rappresentarsi al Teatro Regio di Torino il carnevale 1866-67.</subfield>
      </datafield>
      <datafield ind1=' ' ind2=' ' tag='260'>
        <subfield code='a'>Milano :</subfield>
        <subfield code='b'>R. Stabilimento Tito di Gio. Ricordi,</subfield>
        <subfield code='c'>[1867]</subfield>
      </datafield>
      <datafield ind1=' ' ind2=' ' tag='300'>
        <subfield code='a'>31 pages ;</subfield>
        <subfield code='c'>17 cm</subfield>
      </datafield>
      <datafield ind1=' ' ind2=' ' tag='336'>
        <subfield code='a'>text</subfield>
        <subfield code='b'>txt</subfield>
        <subfield code='2'>rdacontent</subfield>
      </datafield>
      <datafield ind1=' ' ind2=' ' tag='337'>
        <subfield code='a'>unmediated</subfield>
        <subfield code='b'>n</subfield>
        <subfield code='2'>rdamedia</subfield>
      </datafield>
      <datafield ind1=' ' ind2=' ' tag='338'>
        <subfield code='a'>volume</subfield>
        <subfield code='b'>nc</subfield>
        <subfield code='2'>rdacarrier</subfield>
      </datafield>
      <datafield ind1=' ' ind2=' ' tag='500'>
        <subfield code='a'>Libretto by Piave and A. Maffei, after W. Shakespeare.--Grove Music Online, &quot;Verdi, Giuseppe: Works.&quot;</subfield>
      </datafield>
      <datafield ind1=' ' ind2=' ' tag='500'>
        <subfield code='a'>Includes cast list and stage directions.</subfield>
      </datafield>
      <datafield ind1=' ' ind2=' ' tag='500'>
        <subfield code='a'>UNC Italian Opera Libretto Collection.</subfield>
        <subfield code='5'>NcU</subfield>
      </datafield>
      <datafield ind1='0' ind2='0' tag='600'>
        <subfield code='a'>Macbeth,</subfield>
        <subfield code='c'>King of Scotland,</subfield>
        <subfield code='d'>active 11th century</subfield>
        <subfield code='v'>Drama.</subfield>
      </datafield>
      <datafield ind1=' ' ind2='0' tag='650'>
        <subfield code='a'>Operas</subfield>
        <subfield code='v'>Librettos.</subfield>
      </datafield>
      <datafield ind1=' ' ind2='7' tag='655'>
        <subfield code='a'>Librettos.</subfield>
        <subfield code='2'>lcgft</subfield>
      </datafield>
      <datafield ind1='1' ind2=' ' tag='700'>
        <subfield code='i'>Libretto for (work):</subfield>
        <subfield code='a'>Verdi, Giuseppe,</subfield>
        <subfield code='d'>1813-1901.</subfield>
        <subfield code='t'>Macbeth.</subfield>
      </datafield>
      <datafield ind1='1' ind2=' ' tag='700'>
        <subfield code='i'>Opera adaptation of (work):</subfield>
        <subfield code='a'>Shakespeare, William,</subfield>
        <subfield code='d'>1564-1616.</subfield>
        <subfield code='t'>Macbeth.</subfield>
      </datafield>
      <datafield ind1='1' ind2=' ' tag='700'>
        <subfield code='a'>Maffei, Andrea,</subfield>
        <subfield code='d'>1798-1885,</subfield>
        <subfield code='e'>librettist.</subfield>
      </datafield>
      <datafield ind1=' ' ind2=' ' tag='907'>
        <subfield code='a'>b8490707</subfield>
      </datafield>
      <datafield ind1='9' ind2='1' tag='999'>
        <subfield code='i'>i11017669</subfield>
        <subfield code='l'>mmra</subfield>
        <subfield code='s'>o</subfield>
        <subfield code='t'>0</subfield>
        <subfield code='c'>1</subfield>
        <subfield code='o'>0</subfield>
        <subfield code='p'>099#9</subfield>
        <subfield code='q'>|aIOLC-01662</subfield>
      </datafield>
      <datafield ind1='0' ind2='0' tag='999'>
        <subfield code='a'>2016-05-06 00:00:00-04</subfield>
        <subfield code='c'>2016-05-06 14:57:00-04</subfield>
        <subfield code='u'>2017-10-23 12:21:32-04</subfield>
      </datafield>
  </record>